
@article{Wang:2007,
	Author = {Rong Wang and Raymond J. Spiteri},
	Date-Added = {2018-12-03 11:45:31 +0000},
	Date-Modified = {2018-12-05 13:07:38 +0000},
	Doi = {10.1137/050637868},
	Journal = {Journal on Numerical Analysis},
	Number = {5},
	Pages = {1871-1901},
	Title = {Linear instability of the fifth-order WENO method},
	Volume = {45},
	Year = {2007},
	Bdsk-File-1 = {YnBsaXN0MDDSAQIDBFxyZWxhdGl2ZVBhdGhZYWxpYXNEYXRhXxARcGRmLzIwMDctV2FuZy5wZGZPEQFcAAAAAAFcAAIAAAVNYWNIRAAAAAAAAAAAAAAAAAAAAAAAAAAAAAAAAAAAQkQAAf////8NMjAwNy1XYW5nLnBkZgAAAAAAAAAAAAAAAAAAAAAAAAAAAAAAAAAAAAAAAAAAAAAAAAAAAAAAAAAAAAAAAAAA/////wAAAAAAAAAAAAAAAAABAAMAAAogY3UAAAAAAAAAAAAAAAAAA3BkZgAAAgA8LzpVc2Vyczpqb3NzZWxpbjpQdWJsaWM6bWlNYVM6YmlibGlvZ3JhcGh5OnBkZjoyMDA3LVdhbmcucGRmAA4AHAANADIAMAAwADcALQBXAGEAbgBnAC4AcABkAGYADwAMAAUATQBhAGMASABEABIAOlVzZXJzL2pvc3NlbGluL1B1YmxpYy9taU1hUy9iaWJsaW9ncmFwaHkvcGRmLzIwMDctV2FuZy5wZGYAEwABLwAAFQACAA///wAAAAgADQAaACQAOAAAAAAAAAIBAAAAAAAAAAUAAAAAAAAAAAAAAAAAAAGY},
	Bdsk-Url-1 = {https://doi.org/10.1137/050637868}}

@article{Motamed:2010,
	Author = {Mohammed Motamed and Colin B. Macdonald and Steven J. Ruuth},
	Date-Added = {2018-12-03 15:16:29 +0000},
	Date-Modified = {2019-01-30 08:23:34 +0100},
	Doi = {10.1007/s10915-010-9423-9},
	Journal = {Journal of Scientific Computing},
	Pages = {127-149},
	Title = {On the Linear Stability of the Fifth-Order WENO Discretization},
	Volume = {47},
	Year = {2010},
	Bdsk-File-1 = {YnBsaXN0MDDSAQIDBFxyZWxhdGl2ZVBhdGhZYWxpYXNEYXRhXxAXcGRmLzIwMTAtTW90YW1lZCgxKS5wZGZPEQF0AAAAAAF0AAIAAAVNYWNIRAAAAAAAAAAAAAAAAAAAAAAAAAAAAAAAAAAAQkQAAf////8TMjAxMC1Nb3RhbWVkKDEpLnBkZgAAAAAAAAAAAAAAAAAAAAAAAAAAAAAAAAAAAAAAAAAAAAAAAAAAAAAAAAAA/////wAAAAAAAAAAAAAAAAABAAMAAAogY3UAAAAAAAAAAAAAAAAAA3BkZgAAAgBCLzpVc2Vyczpqb3NzZWxpbjpQdWJsaWM6bWlNYVM6YmlibGlvZ3JhcGh5OnBkZjoyMDEwLU1vdGFtZWQoMSkucGRmAA4AKAATADIAMAAxADAALQBNAG8AdABhAG0AZQBkACgAMQApAC4AcABkAGYADwAMAAUATQBhAGMASABEABIAQFVzZXJzL2pvc3NlbGluL1B1YmxpYy9taU1hUy9iaWJsaW9ncmFwaHkvcGRmLzIwMTAtTW90YW1lZCgxKS5wZGYAEwABLwAAFQACAA///wAAAAgADQAaACQAPgAAAAAAAAIBAAAAAAAAAAUAAAAAAAAAAAAAAAAAAAG2},
	Bdsk-File-2 = {YnBsaXN0MDDSAQIDBFxyZWxhdGl2ZVBhdGhZYWxpYXNEYXRhXxAXcGRmLzIwMTAtTW90YW1lZCgyKS5wZGZPEQF0AAAAAAF0AAIAAAVNYWNIRAAAAAAAAAAAAAAAAAAAAAAAAAAAAAAAAAAAQkQAAf////8TMjAxMC1Nb3RhbWVkKDIpLnBkZgAAAAAAAAAAAAAAAAAAAAAAAAAAAAAAAAAAAAAAAAAAAAAAAAAAAAAAAAAA/////wAAAAAAAAAAAAAAAAABAAMAAAogY3UAAAAAAAAAAAAAAAAAA3BkZgAAAgBCLzpVc2Vyczpqb3NzZWxpbjpQdWJsaWM6bWlNYVM6YmlibGlvZ3JhcGh5OnBkZjoyMDEwLU1vdGFtZWQoMikucGRmAA4AKAATADIAMAAxADAALQBNAG8AdABhAG0AZQBkACgAMgApAC4AcABkAGYADwAMAAUATQBhAGMASABEABIAQFVzZXJzL2pvc3NlbGluL1B1YmxpYy9taU1hUy9iaWJsaW9ncmFwaHkvcGRmLzIwMTAtTW90YW1lZCgyKS5wZGYAEwABLwAAFQACAA///wAAAAgADQAaACQAPgAAAAAAAAIBAAAAAAAAAAUAAAAAAAAAAAAAAAAAAAG2},
	Bdsk-Url-1 = {https://doi.org/10.1007/s10915-010-9423-9}}

@url{Ketcheson:2015,
	Author = {David Ketcheson},
	Date-Added = {2018-12-05 10:59:43 +0000},
	Date-Modified = {2018-12-17 01:43:42 +0100},
	Keywords = {python},
	Title = {NodePy (Numerical ODEs in Python) softwate version 0.6},
	Url = {http://github.com/ketch/nodepy},
	Urldate = {2018-12-05},
	Year = {2015},
	Bdsk-Url-1 = {https://nodepy.readthedocs.io/en/latest/},
	Bdsk-Url-2 = {http://github.com/ketch/nodepy}}

@misc{Isherwood:2018,
	Author = {Leah Isherwood and Zachary J. Grant and Sigal Gottlieb},
	Date-Added = {2018-12-03 11:47:02 +0000},
	Date-Modified = {2019-02-28 15:30:29 +0100},
	Keywords = {RK exponentiel ; IFRK ; Lawson},
	Title = {Strong Stability Preserving Integrating Factor Runge-Kutta Methods},
	Year = {2018},
	Bdsk-File-1 = {YnBsaXN0MDDSAQIDBFxyZWxhdGl2ZVBhdGhZYWxpYXNEYXRhXxAZcGRmLzIwMTgtSXNoZXJ3b29kKDEpLnBkZk8RAXwAAAAAAXwAAgAABU1hY0hEAAAAAAAAAAAAAAAAAAAAAAAAAAAAAAAAAABCRAAB/////xUyMDE4LUlzaGVyd29vZCgxKS5wZGYAAAAAAAAAAAAAAAAAAAAAAAAAAAAAAAAAAAAAAAAAAAAAAAAAAAAAAAD/////AAAAAAAAAAAAAAAAAAEAAwAACiBjdQAAAAAAAAAAAAAAAAADcGRmAAACAEQvOlVzZXJzOmpvc3NlbGluOlB1YmxpYzptaU1hUzpiaWJsaW9ncmFwaHk6cGRmOjIwMTgtSXNoZXJ3b29kKDEpLnBkZgAOACwAFQAyADAAMQA4AC0ASQBzAGgAZQByAHcAbwBvAGQAKAAxACkALgBwAGQAZgAPAAwABQBNAGEAYwBIAEQAEgBCVXNlcnMvam9zc2VsaW4vUHVibGljL21pTWFTL2JpYmxpb2dyYXBoeS9wZGYvMjAxOC1Jc2hlcndvb2QoMSkucGRmABMAAS8AABUAAgAP//8AAAAIAA0AGgAkAEAAAAAAAAACAQAAAAAAAAAFAAAAAAAAAAAAAAAAAAABwA==},
	Bdsk-File-2 = {YnBsaXN0MDDSAQIDBFxyZWxhdGl2ZVBhdGhZYWxpYXNEYXRhXxAZcGRmLzIwMTgtSXNoZXJ3b29kKDIpLnBkZk8RAXwAAAAAAXwAAgAABU1hY0hEAAAAAAAAAAAAAAAAAAAAAAAAAAAAAAAAAABCRAAB/////xUyMDE4LUlzaGVyd29vZCgyKS5wZGYAAAAAAAAAAAAAAAAAAAAAAAAAAAAAAAAAAAAAAAAAAAAAAAAAAAAAAAD/////AAAAAAAAAAAAAAAAAAEAAwAACiBjdQAAAAAAAAAAAAAAAAADcGRmAAACAEQvOlVzZXJzOmpvc3NlbGluOlB1YmxpYzptaU1hUzpiaWJsaW9ncmFwaHk6cGRmOjIwMTgtSXNoZXJ3b29kKDIpLnBkZgAOACwAFQAyADAAMQA4AC0ASQBzAGgAZQByAHcAbwBvAGQAKAAyACkALgBwAGQAZgAPAAwABQBNAGEAYwBIAEQAEgBCVXNlcnMvam9zc2VsaW4vUHVibGljL21pTWFTL2JpYmxpb2dyYXBoeS9wZGYvMjAxOC1Jc2hlcndvb2QoMikucGRmABMAAS8AABUAAgAP//8AAAAIAA0AGgAkAEAAAAAAAAACAQAAAAAAAAAFAAAAAAAAAAAAAAAAAAABwA==}}
