%% This BibTeX bibliography file was created using BibDesk.
%% https://bibdesk.sourceforge.io/

%% Created for Josselin Massot at 2019-10-15 17:24:12 +0200 


%% Saved with string encoding Unicode (UTF-8) 



@article{Baldauf:2008,
	Author = {Michael Baldauf},
	Date-Added = {2019-10-15 17:21:19 +0200},
	Date-Modified = {2019-10-15 17:23:13 +0200},
	Journal = {Journal of Computational Physics},
	Keywords = {linear advection; RK; linear stability analysis; von-Neumann stability},
	Title = {Stability Analysis for linear discretisations of the advection equation with Runge-Kutta time integration},
	Year = {2008},
	Bdsk-File-1 = {YnBsaXN0MDDSAQIDBFxyZWxhdGl2ZVBhdGhZYWxpYXNEYXRhXxAUcGRmLzIwMDgtQmFsZGF1Zi5wZGZPEQFqAAAAAAFqAAIAAAVNYWNIRAAAAAAAAAAAAAAAAAAAAAAAAAAAAAAAAAAAQkQAAf////8QMjAwOC1CYWxkYXVmLnBkZgAAAAAAAAAAAAAAAAAAAAAAAAAAAAAAAAAAAAAAAAAAAAAAAAAAAAAAAAAAAAAA/////wAAAAAAAAAAAAAAAAABAAMAAAogY3UAAAAAAAAAAAAAAAAAA3BkZgAAAgA/LzpVc2Vyczpqb3NzZWxpbjpQdWJsaWM6bWlNYVM6YmlibGlvZ3JhcGh5OnBkZjoyMDA4LUJhbGRhdWYucGRmAAAOACIAEAAyADAAMAA4AC0AQgBhAGwAZABhAHUAZgAuAHAAZABmAA8ADAAFAE0AYQBjAEgARAASAD1Vc2Vycy9qb3NzZWxpbi9QdWJsaWMvbWlNYVMvYmlibGlvZ3JhcGh5L3BkZi8yMDA4LUJhbGRhdWYucGRmAAATAAEvAAAVAAIAD///AAAACAANABoAJAA7AAAAAAAAAgEAAAAAAAAABQAAAAAAAAAAAAAAAAAAAak=}}

@article{Ketcheson:2013,
	Author = {David Ketcheson and Colin B. Macdonald and Steven J. Ruuth},
	Date-Added = {2019-06-24 12:16:39 +0200},
	Date-Modified = {2019-06-24 12:18:42 +0200},
	Doi = {10.1137/130906258},
	Journal = {SIAM Journal on Numerical Analysis},
	Keywords = {embedded Runge-Kutta ; WENO},
	Title = {Spatially partitioned embedded Runge-Kutta methods},
	Year = {2013},
	Bdsk-File-1 = {YnBsaXN0MDDSAQIDBFxyZWxhdGl2ZVBhdGhZYWxpYXNEYXRhXxAWcGRmLzIwMTMtS2V0Y2hlc29uLnBkZk8RAXIAAAAAAXIAAgAABU1hY0hEAAAAAAAAAAAAAAAAAAAAAAAAAAAAAAAAAABCRAAB/////xIyMDEzLUtldGNoZXNvbi5wZGYAAAAAAAAAAAAAAAAAAAAAAAAAAAAAAAAAAAAAAAAAAAAAAAAAAAAAAAAAAAD/////AAAAAAAAAAAAAAAAAAEAAwAACiBjdQAAAAAAAAAAAAAAAAADcGRmAAACAEEvOlVzZXJzOmpvc3NlbGluOlB1YmxpYzptaU1hUzpiaWJsaW9ncmFwaHk6cGRmOjIwMTMtS2V0Y2hlc29uLnBkZgAADgAmABIAMgAwADEAMwAtAEsAZQB0AGMAaABlAHMAbwBuAC4AcABkAGYADwAMAAUATQBhAGMASABEABIAP1VzZXJzL2pvc3NlbGluL1B1YmxpYy9taU1hUy9iaWJsaW9ncmFwaHkvcGRmLzIwMTMtS2V0Y2hlc29uLnBkZgAAEwABLwAAFQACAA///wAAAAgADQAaACQAPQAAAAAAAAIBAAAAAAAAAAUAAAAAAAAAAAAAAAAAAAGz}}

@article{Meurer:2017,
	Abstract = {
SymPy is an open source computer algebra system written in pure Python. It is built with a focus on extensibility and ease of use, through both interactive and programmatic applications. These characteristics have led SymPy to become a popular symbolic library for the scientific Python ecosystem. This paper presents the architecture of SymPy, a description of its features, and a discussion of select submodules. The supplementary material provides additional examples and further outline details of the architecture and features of SymPy.
         },
	Author = {Meurer, Aaron and Smith, Christopher P. and Paprocki, Mateusz and \v{C}ert\'{i}k, Ond\v{r}ej and Kirpichev, Sergey B. and Rocklin, Matthew and Kumar, Amit and Ivanov, Sergiu and Moore, Jason K. and Singh, Sartaj and Rathnayake, Thilina and Vig, Sean and Granger, Brian E. and Muller, Richard P. and Bonazzi, Francesco and Gupta, Harsh and Vats, Shivam and Johansson, Fredrik and Pedregosa, Fabian and Curry, Matthew J. and Terrel, Andy R. and Rou\v{c}ka, \v{S}t\v{e}p\'{a}n and Saboo, Ashutosh and Fernando, Isuru and Kulal, Sumith and Cimrman, Robert and Scopatz, Anthony},
	Date-Added = {2019-06-14 09:29:25 +0200},
	Date-Modified = {2019-06-14 09:29:43 +0200},
	Doi = {10.7717/peerj-cs.103},
	Issn = {2376-5992},
	Journal = {PeerJ Computer Science},
	Keywords = {Python, Computer algebra system, Symbolics},
	Month = jan,
	Pages = {e103},
	Title = {SymPy: symbolic computing in Python},
	Url = {https://doi.org/10.7717/peerj-cs.103},
	Volume = 3,
	Year = 2017,
	Bdsk-Url-1 = {https://doi.org/10.7717/peerj-cs.103}}

@book{Butcher:2008,
	Annote = {Plusieurs tableaux de Butcher de m{\'e}thodes ``classiques''},
	Author = {J. C. Butcher},
	Date-Added = {2019-06-12 17:22:08 +0200},
	Date-Modified = {2019-06-12 17:26:36 +0200},
	Doi = {10.1002/9780470753767},
	Edition = {second edition},
	Isbn = {9780470753767},
	Keywords = {RK},
	Publisher = {Wiley},
	Title = {Numerical Methods for Ordinary Differential Equations},
	Year = {2008},
	Bdsk-File-1 = {YnBsaXN0MDDSAQIDBFxyZWxhdGl2ZVBhdGhZYWxpYXNEYXRhXxAUcGRmLzIwMDgtQnV0Y2hlci5wZGZPEQFqAAAAAAFqAAIAAAVNYWNIRAAAAAAAAAAAAAAAAAAAAAAAAAAAAAAAAAAAQkQAAf////8QMjAwOC1CdXRjaGVyLnBkZgAAAAAAAAAAAAAAAAAAAAAAAAAAAAAAAAAAAAAAAAAAAAAAAAAAAAAAAAAAAAAA/////wAAAAAAAAAAAAAAAAABAAMAAAogY3UAAAAAAAAAAAAAAAAAA3BkZgAAAgA/LzpVc2Vyczpqb3NzZWxpbjpQdWJsaWM6bWlNYVM6YmlibGlvZ3JhcGh5OnBkZjoyMDA4LUJ1dGNoZXIucGRmAAAOACIAEAAyADAAMAA4AC0AQgB1AHQAYwBoAGUAcgAuAHAAZABmAA8ADAAFAE0AYQBjAEgARAASAD1Vc2Vycy9qb3NzZWxpbi9QdWJsaWMvbWlNYVMvYmlibGlvZ3JhcGh5L3BkZi8yMDA4LUJ1dGNoZXIucGRmAAATAAEvAAAVAAIAD///AAAACAANABoAJAA7AAAAAAAAAgEAAAAAAAAABQAAAAAAAAAAAAAAAAAAAak=}}

@article{Lunet:2017,
	Author = {Lunet, Thibaut and Lac, Christine and Auguste, Franck and Visentin, Florian and Masson, Val{\'e}ry and Escobar, Juan},
	Date-Added = {2019-06-10 10:58:53 +0200},
	Date-Modified = {2019-06-10 11:00:34 +0200},
	Doi = {10.1175/MWR-D-16-0343.1},
	Journal = {Monthly Weather Review},
	Keywords = {WENO},
	Number = {9},
	Pages = {3817-3838},
	Title = {Combination of WENO and Explicit Runge--Kutta Methods for Wind Transport in the Meso-NH Model},
	Volume = {145},
	Year = {2017},
	Bdsk-File-1 = {YnBsaXN0MDDSAQIDBFxyZWxhdGl2ZVBhdGhZYWxpYXNEYXRhXxAScGRmLzIwMTctTHVuZXQucGRmTxEBYgAAAAABYgACAAAFTWFjSEQAAAAAAAAAAAAAAAAAAAAAAAAAAAAAAAAAAEJEAAH/////DjIwMTctTHVuZXQucGRmAAAAAAAAAAAAAAAAAAAAAAAAAAAAAAAAAAAAAAAAAAAAAAAAAAAAAAAAAAAAAAAAAP////8AAAAAAAAAAAAAAAAAAQADAAAKIGN1AAAAAAAAAAAAAAAAAANwZGYAAAIAPS86VXNlcnM6am9zc2VsaW46UHVibGljOm1pTWFTOmJpYmxpb2dyYXBoeTpwZGY6MjAxNy1MdW5ldC5wZGYAAA4AHgAOADIAMAAxADcALQBMAHUAbgBlAHQALgBwAGQAZgAPAAwABQBNAGEAYwBIAEQAEgA7VXNlcnMvam9zc2VsaW4vUHVibGljL21pTWFTL2JpYmxpb2dyYXBoeS9wZGYvMjAxNy1MdW5ldC5wZGYAABMAAS8AABUAAgAP//8AAAAIAA0AGgAkADkAAAAAAAACAQAAAAAAAAAFAAAAAAAAAAAAAAAAAAABnw==},
	Bdsk-Url-1 = {https://doi.org/10.1175/MWR-D-16-0343.1}}

@unpublished{Crouseilles:2019,
	Author = {Nicolas Crouseilles},
	Date-Added = {2019-05-13 13:39:05 +0200},
	Date-Modified = {2019-05-13 13:41:58 +0200},
	Keywords = {expRK},
	Note = {mail ven. 26 avr. 16:59},
	Title = {Some few examples of exponential integrators and their stability},
	Year = {2019},
	Bdsk-File-1 = {YnBsaXN0MDDSAQIDBFxyZWxhdGl2ZVBhdGhZYWxpYXNEYXRhXxAYcGRmLzIwMTktQ3JvdXNlaWxsZXMucGRmTxEBegAAAAABegACAAAFTWFjSEQAAAAAAAAAAAAAAAAAAAAAAAAAAAAAAAAAAEJEAAH/////FDIwMTktQ3JvdXNlaWxsZXMucGRmAAAAAAAAAAAAAAAAAAAAAAAAAAAAAAAAAAAAAAAAAAAAAAAAAAAAAAAAAP////8AAAAAAAAAAAAAAAAAAQADAAAKIGN1AAAAAAAAAAAAAAAAAANwZGYAAAIAQy86VXNlcnM6am9zc2VsaW46UHVibGljOm1pTWFTOmJpYmxpb2dyYXBoeTpwZGY6MjAxOS1Dcm91c2VpbGxlcy5wZGYAAA4AKgAUADIAMAAxADkALQBDAHIAbwB1AHMAZQBpAGwAbABlAHMALgBwAGQAZgAPAAwABQBNAGEAYwBIAEQAEgBBVXNlcnMvam9zc2VsaW4vUHVibGljL21pTWFTL2JpYmxpb2dyYXBoeS9wZGYvMjAxOS1Dcm91c2VpbGxlcy5wZGYAABMAAS8AABUAAgAP//8AAAAIAA0AGgAkAD8AAAAAAAACAQAAAAAAAAAFAAAAAAAAAAAAAAAAAAABvQ==}}

@article{Hochbruck:2010,
	Annote = {HochOster is the method from page 229 },
	Author = {Marlis Hochbruck and Alexander Ostermann},
	Date-Added = {2019-04-24 22:07:09 +0200},
	Date-Modified = {2019-04-24 22:12:07 +0200},
	Doi = {10.1017/S0962492910000048},
	Journal = {Acta Numerica},
	Keywords = {expRK},
	Pages = {209-286},
	Title = {Exponential integrators},
	Volume = {19},
	Year = {2010},
	Bdsk-File-1 = {YnBsaXN0MDDSAQIDBFxyZWxhdGl2ZVBhdGhZYWxpYXNEYXRhXxAWcGRmLzIwMTAtSG9jaGJydWNrLnBkZk8RAXIAAAAAAXIAAgAABU1hY0hEAAAAAAAAAAAAAAAAAAAAAAAAAAAAAAAAAABCRAAB/////xIyMDEwLUhvY2hicnVjay5wZGYAAAAAAAAAAAAAAAAAAAAAAAAAAAAAAAAAAAAAAAAAAAAAAAAAAAAAAAAAAAD/////AAAAAAAAAAAAAAAAAAEAAwAACiBjdQAAAAAAAAAAAAAAAAADcGRmAAACAEEvOlVzZXJzOmpvc3NlbGluOlB1YmxpYzptaU1hUzpiaWJsaW9ncmFwaHk6cGRmOjIwMTAtSG9jaGJydWNrLnBkZgAADgAmABIAMgAwADEAMAAtAEgAbwBjAGgAYgByAHUAYwBrAC4AcABkAGYADwAMAAUATQBhAGMASABEABIAP1VzZXJzL2pvc3NlbGluL1B1YmxpYy9taU1hUy9iaWJsaW9ncmFwaHkvcGRmLzIwMTAtSG9jaGJydWNrLnBkZgAAEwABLwAAFQACAA///wAAAAgADQAaACQAPQAAAAAAAAIBAAAAAAAAAAUAAAAAAAAAAAAAAAAAAAGz}}

@article{Crouseilles:2018,
	Annote = {exprk22: This is the method at the beginning of section 2.3 },
	Author = {Nicolas Crouseilles and Lukas Einkemmer and Martina Prugger},
	Date-Added = {2019-04-24 22:01:26 +0200},
	Date-Modified = {2019-04-24 22:04:52 +0200},
	Doi = {10.1016/j.cpc.2017.11.003},
	Journal = {Computer Physics Communications},
	Keywords = {expRK},
	Pages = {144-153},
	Title = {An exponential integrator for the drift-kinetic model},
	Volume = {224},
	Year = {2018},
	Bdsk-File-1 = {YnBsaXN0MDDSAQIDBFxyZWxhdGl2ZVBhdGhZYWxpYXNEYXRhXxAYcGRmLzIwMTgtQ3JvdXNlaWxsZXMucGRmTxEBegAAAAABegACAAAFTWFjSEQAAAAAAAAAAAAAAAAAAAAAAAAAAAAAAAAAAEJEAAH/////FDIwMTgtQ3JvdXNlaWxsZXMucGRmAAAAAAAAAAAAAAAAAAAAAAAAAAAAAAAAAAAAAAAAAAAAAAAAAAAAAAAAAP////8AAAAAAAAAAAAAAAAAAQADAAAKIGN1AAAAAAAAAAAAAAAAAANwZGYAAAIAQy86VXNlcnM6am9zc2VsaW46UHVibGljOm1pTWFTOmJpYmxpb2dyYXBoeTpwZGY6MjAxOC1Dcm91c2VpbGxlcy5wZGYAAA4AKgAUADIAMAAxADgALQBDAHIAbwB1AHMAZQBpAGwAbABlAHMALgBwAGQAZgAPAAwABQBNAGEAYwBIAEQAEgBBVXNlcnMvam9zc2VsaW4vUHVibGljL21pTWFTL2JpYmxpb2dyYXBoeS9wZGYvMjAxOC1Dcm91c2VpbGxlcy5wZGYAABMAAS8AABUAAgAP//8AAAAIAA0AGgAkAD8AAAAAAAACAQAAAAAAAAAFAAAAAAAAAAAAAAAAAAABvQ==}}

@article{Hochbruck:2005,
	Annote = {Cox-Matthews: This is the method (5.15)
Krogstad: This is the method (5.16)
exprk33: This is the method in eq (5.8) with c_2=1 },
	Author = {Marlis Hochbruck and Alexander Ostermann},
	Date-Added = {2019-04-24 21:43:32 +0200},
	Date-Modified = {2019-04-24 22:05:11 +0200},
	Doi = {10.1137/040611434},
	Journal = {SIAM Journal on Numerical Analysis},
	Keywords = {expRK},
	Number = {3},
	Pages = {1069-1090},
	Title = {Explicit Exponential Runge--Kutta Methods for Semilinear Parabolic Problems},
	Volume = {43},
	Year = {2005},
	Bdsk-File-1 = {YnBsaXN0MDDSAQIDBFxyZWxhdGl2ZVBhdGhZYWxpYXNEYXRhXxAWcGRmLzIwMDUtSG9jaGJydWNrLnBkZk8RAXIAAAAAAXIAAgAABU1hY0hEAAAAAAAAAAAAAAAAAAAAAAAAAAAAAAAAAABCRAAB/////xIyMDA1LUhvY2hicnVjay5wZGYAAAAAAAAAAAAAAAAAAAAAAAAAAAAAAAAAAAAAAAAAAAAAAAAAAAAAAAAAAAD/////AAAAAAAAAAAAAAAAAAEAAwAACiBjdQAAAAAAAAAAAAAAAAADcGRmAAACAEEvOlVzZXJzOmpvc3NlbGluOlB1YmxpYzptaU1hUzpiaWJsaW9ncmFwaHk6cGRmOjIwMDUtSG9jaGJydWNrLnBkZgAADgAmABIAMgAwADAANQAtAEgAbwBjAGgAYgByAHUAYwBrAC4AcABkAGYADwAMAAUATQBhAGMASABEABIAP1VzZXJzL2pvc3NlbGluL1B1YmxpYy9taU1hUy9iaWJsaW9ncmFwaHkvcGRmLzIwMDUtSG9jaGJydWNrLnBkZgAAEwABLwAAFQACAA///wAAAAgADQAaACQAPQAAAAAAAAIBAAAAAAAAAAUAAAAAAAAAAAAAAAAAAAGz}}

@article{Borges:2008,
	Author = {Rafael Borges and Monique Carmona and Bruno Costa and Wai Sun Don},
	Date-Added = {2019-04-11 10:01:34 +0200},
	Date-Modified = {2019-04-11 10:02:47 +0200},
	Doi = {10.1016/j.jcp.2007.11.038},
	Journal = {Journal of Computational Physics},
	Keywords = {WENO, WENO-Z},
	Number = {6},
	Pages = {3191-3211},
	Title = {An improved weighted essentially non-oscillatory scheme for hyperbolic conservation laws},
	Volume = {227},
	Year = {2008},
	Bdsk-File-1 = {YnBsaXN0MDDSAQIDBFxyZWxhdGl2ZVBhdGhZYWxpYXNEYXRhXxATcGRmLzIwMDgtQm9yZ2VzLnBkZk8RAWQAAAAAAWQAAgAABU1hY0hEAAAAAAAAAAAAAAAAAAAAAAAAAAAAAAAAAABCRAAB/////w8yMDA4LUJvcmdlcy5wZGYAAAAAAAAAAAAAAAAAAAAAAAAAAAAAAAAAAAAAAAAAAAAAAAAAAAAAAAAAAAAAAAD/////AAAAAAAAAAAAAAAAAAEAAwAACiBjdQAAAAAAAAAAAAAAAAADcGRmAAACAD4vOlVzZXJzOmpvc3NlbGluOlB1YmxpYzptaU1hUzpiaWJsaW9ncmFwaHk6cGRmOjIwMDgtQm9yZ2VzLnBkZgAOACAADwAyADAAMAA4AC0AQgBvAHIAZwBlAHMALgBwAGQAZgAPAAwABQBNAGEAYwBIAEQAEgA8VXNlcnMvam9zc2VsaW4vUHVibGljL21pTWFTL2JpYmxpb2dyYXBoeS9wZGYvMjAwOC1Cb3JnZXMucGRmABMAAS8AABUAAgAP//8AAAAIAA0AGgAkADoAAAAAAAACAQAAAAAAAAAFAAAAAAAAAAAAAAAAAAABog==}}

@article{Henrick:2005,
	Author = {Andrew K. Henrick and Tariq D. Aslam and Joseph M. Powers},
	Date-Added = {2019-04-11 09:56:33 +0200},
	Date-Modified = {2019-04-11 09:58:17 +0200},
	Doi = {10.1016/j.jcp.2005.01.023},
	Journal = {Journal of Computational Physics},
	Keywords = {WENO, WENO-M},
	Number = {2},
	Pages = {542-567},
	Title = {Mapped weighted essentially non-oscillatory schemes: Achieving optimal order near critical points},
	Volume = {207},
	Year = {2005},
	Bdsk-File-1 = {YnBsaXN0MDDSAQIDBFxyZWxhdGl2ZVBhdGhZYWxpYXNEYXRhXxAUcGRmLzIwMDUtSGVucmljay5wZGZPEQFqAAAAAAFqAAIAAAVNYWNIRAAAAAAAAAAAAAAAAAAAAAAAAAAAAAAAAAAAQkQAAf////8QMjAwNS1IZW5yaWNrLnBkZgAAAAAAAAAAAAAAAAAAAAAAAAAAAAAAAAAAAAAAAAAAAAAAAAAAAAAAAAAAAAAA/////wAAAAAAAAAAAAAAAAABAAMAAAogY3UAAAAAAAAAAAAAAAAAA3BkZgAAAgA/LzpVc2Vyczpqb3NzZWxpbjpQdWJsaWM6bWlNYVM6YmlibGlvZ3JhcGh5OnBkZjoyMDA1LUhlbnJpY2sucGRmAAAOACIAEAAyADAAMAA1AC0ASABlAG4AcgBpAGMAawAuAHAAZABmAA8ADAAFAE0AYQBjAEgARAASAD1Vc2Vycy9qb3NzZWxpbi9QdWJsaWMvbWlNYVMvYmlibGlvZ3JhcGh5L3BkZi8yMDA1LUhlbnJpY2sucGRmAAATAAEvAAAVAAIAD///AAAACAANABoAJAA7AAAAAAAAAgEAAAAAAAAABQAAAAAAAAAAAAAAAAAAAak=}}

@book{Barth:1999,
	Date-Added = {2019-03-20 14:55:02 +0100},
	Date-Modified = {2019-04-30 07:24:39 +0200},
	Doi = {10.1007/978-3-662-03882-6},
	Editor = {Barth, Timothy J. and Deconinck, Herman},
	Isbn = {3-540-65893-9},
	Mrclass = {76-06 (76Mxx)},
	Mrnumber = {1712276},
	Pages = {viii+582},
	Publisher = {Springer-Verlag, Berlin},
	Series = {Lecture Notes in Computational Science and Engineering},
	Title = {High-order methods for computational physics},
	Url = {https://doi.org/10.1007/978-3-662-03882-6},
	Volume = {9},
	Year = {1999},
	Bdsk-File-1 = {YnBsaXN0MDDSAQIDBFxyZWxhdGl2ZVBhdGhZYWxpYXNEYXRhXxAScGRmLzE5OTktQmFydGgucGRmTxEBYgAAAAABYgACAAAFTWFjSEQAAAAAAAAAAAAAAAAAAAAAAAAAAAAAAAAAAEJEAAH/////DjE5OTktQmFydGgucGRmAAAAAAAAAAAAAAAAAAAAAAAAAAAAAAAAAAAAAAAAAAAAAAAAAAAAAAAAAAAAAAAAAP////8AAAAAAAAAAAAAAAAAAQADAAAKIGN1AAAAAAAAAAAAAAAAAANwZGYAAAIAPS86VXNlcnM6am9zc2VsaW46UHVibGljOm1pTWFTOmJpYmxpb2dyYXBoeTpwZGY6MTk5OS1CYXJ0aC5wZGYAAA4AHgAOADEAOQA5ADkALQBCAGEAcgB0AGgALgBwAGQAZgAPAAwABQBNAGEAYwBIAEQAEgA7VXNlcnMvam9zc2VsaW4vUHVibGljL21pTWFTL2JpYmxpb2dyYXBoeS9wZGYvMTk5OS1CYXJ0aC5wZGYAABMAAS8AABUAAgAP//8AAAAIAA0AGgAkADkAAAAAAAACAQAAAAAAAAAFAAAAAAAAAAAAAAAAAAABnw==},
	Bdsk-Url-1 = {https://doi.org/10.1007/978-3-662-03882-6}}

@inbook{Shu:1999,
	Abstract = {In these lectures we present the basic ideas and recent development in the construction, analysis, and implementation of ENO (Essentially Non-Oscillatory) and WENO (Weighted Essentially Non-Oscillatory) schemes and their applications to computational fluid dynamics. ENO and WENO schemes are high order accurate finite difference or finite volume schemes designed for problems with piecewise smooth solutions containing discontinuities. The key idea lies at the approximation level, where a nonlinear adaptive procedure is used to automatically choose the locally smoothest stencil, hence avoiding crossing discontinuities in the interpolation procedure as much as possible. ENO and WENO schemes have been quite successful in computational fluid dynamics and other applications, especially for problems containing both shocks and complicated smooth solution structures, such as compressible turbulence simulations and aeroacoustics.},
	Address = {Berlin, Heidelberg},
	Author = {Shu, Chi-Wang},
	Booktitle = {High-Order Methods for Computational Physics},
	Date-Added = {2019-03-20 14:39:27 +0100},
	Date-Modified = {2019-03-20 14:40:43 +0100},
	Doi = {10.1007/978-3-662-03882-6_5},
	Editor = {Barth, Timothy J. and Deconinck, Herman},
	Isbn = {978-3-662-03882-6},
	Pages = {439--582},
	Publisher = {Springer Berlin Heidelberg},
	Title = {High Order ENO and WENO Schemes for Computational Fluid Dynamics},
	Url = {https://doi.org/10.1007/978-3-662-03882-6_5},
	Year = {1999},
	Bdsk-File-1 = {YnBsaXN0MDDSAQIDBFxyZWxhdGl2ZVBhdGhZYWxpYXNEYXRhXxAScGRmLzE5OTktQmFydGgucGRmTxEBYgAAAAABYgACAAAFTWFjSEQAAAAAAAAAAAAAAAAAAAAAAAAAAAAAAAAAAEJEAAH/////DjE5OTktQmFydGgucGRmAAAAAAAAAAAAAAAAAAAAAAAAAAAAAAAAAAAAAAAAAAAAAAAAAAAAAAAAAAAAAAAAAP////8AAAAAAAAAAAAAAAAAAQADAAAKIGN1AAAAAAAAAAAAAAAAAANwZGYAAAIAPS86VXNlcnM6am9zc2VsaW46UHVibGljOm1pTWFTOmJpYmxpb2dyYXBoeTpwZGY6MTk5OS1CYXJ0aC5wZGYAAA4AHgAOADEAOQA5ADkALQBCAGEAcgB0AGgALgBwAGQAZgAPAAwABQBNAGEAYwBIAEQAEgA7VXNlcnMvam9zc2VsaW4vUHVibGljL21pTWFTL2JpYmxpb2dyYXBoeS9wZGYvMTk5OS1CYXJ0aC5wZGYAABMAAS8AABUAAgAP//8AAAAIAA0AGgAkADkAAAAAAAACAQAAAAAAAAAFAAAAAAAAAAAAAAAAAAABnw==},
	Bdsk-Url-1 = {https://doi.org/10.1007/978-3-662-03882-6_5}}

@book{Iserles:1991,
	Author = {A. Iserles and S. P. N{\o}rsett},
	Date-Added = {2019-03-05 15:43:07 +0100},
	Date-Modified = {2019-03-05 15:45:44 +0100},
	Publisher = {Springer},
	Title = {Order Stars},
	Year = {1991},
	Bdsk-File-1 = {YnBsaXN0MDDSAQIDBFxyZWxhdGl2ZVBhdGhZYWxpYXNEYXRhXxAUcGRmLzE5OTEtSXNlcmxlcy5wZGZPEQFqAAAAAAFqAAIAAAVNYWNIRAAAAAAAAAAAAAAAAAAAAAAAAAAAAAAAAAAAQkQAAf////8QMTk5MS1Jc2VybGVzLnBkZgAAAAAAAAAAAAAAAAAAAAAAAAAAAAAAAAAAAAAAAAAAAAAAAAAAAAAAAAAAAAAA/////wAAAAAAAAAAAAAAAAABAAMAAAogY3UAAAAAAAAAAAAAAAAAA3BkZgAAAgA/LzpVc2Vyczpqb3NzZWxpbjpQdWJsaWM6bWlNYVM6YmlibGlvZ3JhcGh5OnBkZjoxOTkxLUlzZXJsZXMucGRmAAAOACIAEAAxADkAOQAxAC0ASQBzAGUAcgBsAGUAcwAuAHAAZABmAA8ADAAFAE0AYQBjAEgARAASAD1Vc2Vycy9qb3NzZWxpbi9QdWJsaWMvbWlNYVMvYmlibGlvZ3JhcGh5L3BkZi8xOTkxLUlzZXJsZXMucGRmAAATAAEvAAAVAAIAD///AAAACAANABoAJAA7AAAAAAAAAgEAAAAAAAAABQAAAAAAAAAAAAAAAAAAAak=}}

@mastersthesis{Holderied:2019,
	Annote = {Nicolas m'a aussi envoy{\'e} le code qui va avec (19 f{\'e}vrier)},
	Author = {Florian Holderied},
	Date-Added = {2019-02-19 13:13:08 +0100},
	Date-Modified = {2019-04-25 10:13:47 +0200},
	Keywords = {physics},
	School = {Technische Universit{\"a}t M{\"u}nchen},
	Title = {Investigation of Finite Element Methods for a 4D Hyrbid Plasma Model},
	Year = {2019},
	Bdsk-File-1 = {YnBsaXN0MDDSAQIDBFxyZWxhdGl2ZVBhdGhZYWxpYXNEYXRhXxAWcGRmLzIwMTktSG9sZGVyaWVkLnBkZk8RAXIAAAAAAXIAAgAABU1hY0hEAAAAAAAAAAAAAAAAAAAAAAAAAAAAAAAAAABCRAAB/////xIyMDE5LUhvbGRlcmllZC5wZGYAAAAAAAAAAAAAAAAAAAAAAAAAAAAAAAAAAAAAAAAAAAAAAAAAAAAAAAAAAAD/////AAAAAAAAAAAAAAAAAAEAAwAACiBjdQAAAAAAAAAAAAAAAAADcGRmAAACAEEvOlVzZXJzOmpvc3NlbGluOlB1YmxpYzptaU1hUzpiaWJsaW9ncmFwaHk6cGRmOjIwMTktSG9sZGVyaWVkLnBkZgAADgAmABIAMgAwADEAOQAtAEgAbwBsAGQAZQByAGkAZQBkAC4AcABkAGYADwAMAAUATQBhAGMASABEABIAP1VzZXJzL2pvc3NlbGluL1B1YmxpYy9taU1hUy9iaWJsaW9ncmFwaHkvcGRmLzIwMTktSG9sZGVyaWVkLnBkZgAAEwABLwAAFQACAA///wAAAAgADQAaACQAPQAAAAAAAAIBAAAAAAAAAAUAAAAAAAAAAAAAAAAAAAGz}}

@mastersthesis{Ali:2018,
	Author = {Asad Ali},
	Date-Added = {2019-01-17 09:47:38 +0100},
	Date-Modified = {2019-02-19 13:15:40 +0100},
	School = {Technische Universit{\"a}t M{\"u}nchen},
	Title = {Hybrid algorithm for the Vlasov-Poisson system},
	Type = {Computational Science and Engineering (International Master's Program)},
	Year = {2018},
	Bdsk-File-1 = {YnBsaXN0MDDSAQIDBFxyZWxhdGl2ZVBhdGhZYWxpYXNEYXRhXxAQcGRmLzIwMTgtQWxpLnBkZk8RAVoAAAAAAVoAAgAABU1hY0hEAAAAAAAAAAAAAAAAAAAAAAAAAAAAAAAAAABCRAAB/////wwyMDE4LUFsaS5wZGYAAAAAAAAAAAAAAAAAAAAAAAAAAAAAAAAAAAAAAAAAAAAAAAAAAAAAAAAAAAAAAAAAAAD/////AAAAAAAAAAAAAAAAAAEAAwAACiBjdQAAAAAAAAAAAAAAAAADcGRmAAACADsvOlVzZXJzOmpvc3NlbGluOlB1YmxpYzptaU1hUzpiaWJsaW9ncmFwaHk6cGRmOjIwMTgtQWxpLnBkZgAADgAaAAwAMgAwADEAOAAtAEEAbABpAC4AcABkAGYADwAMAAUATQBhAGMASABEABIAOVVzZXJzL2pvc3NlbGluL1B1YmxpYy9taU1hUy9iaWJsaW9ncmFwaHkvcGRmLzIwMTgtQWxpLnBkZgAAEwABLwAAFQACAA///wAAAAgADQAaACQANwAAAAAAAAIBAAAAAAAAAAUAAAAAAAAAAAAAAAAAAAGV}}

@misc{Banks:2019,
	Author = {J. W. Banks and A. Gianesini Odu and R. L. Berger and T. Chapman and W. T. Arrighi and S. Brunner},
	Date-Added = {2019-01-16 17:14:28 +0100},
	Date-Modified = {2019-02-18 08:01:28 +0100},
	Keywords = {BWENO},
	Title = {High order accurate conservative finite difference methods for Vlasov equations in 2D+2V},
	Year = {2019},
	Bdsk-File-1 = {YnBsaXN0MDDSAQIDBFxyZWxhdGl2ZVBhdGhZYWxpYXNEYXRhXxAScGRmLzIwMTktQmFua3MucGRmTxEBYgAAAAABYgACAAAFTWFjSEQAAAAAAAAAAAAAAAAAAAAAAAAAAAAAAAAAAEJEAAH/////DjIwMTktQmFua3MucGRmAAAAAAAAAAAAAAAAAAAAAAAAAAAAAAAAAAAAAAAAAAAAAAAAAAAAAAAAAAAAAAAAAP////8AAAAAAAAAAAAAAAAAAQADAAAKIGN1AAAAAAAAAAAAAAAAAANwZGYAAAIAPS86VXNlcnM6am9zc2VsaW46UHVibGljOm1pTWFTOmJpYmxpb2dyYXBoeTpwZGY6MjAxOS1CYW5rcy5wZGYAAA4AHgAOADIAMAAxADkALQBCAGEAbgBrAHMALgBwAGQAZgAPAAwABQBNAGEAYwBIAEQAEgA7VXNlcnMvam9zc2VsaW4vUHVibGljL21pTWFTL2JpYmxpb2dyYXBoeS9wZGYvMjAxOS1CYW5rcy5wZGYAABMAAS8AABUAAgAP//8AAAAIAA0AGgAkADkAAAAAAAACAQAAAAAAAAAFAAAAAAAAAAAAAAAAAAABnw==}}

@article{Spiteri:2002,
	Author = {Raymond J. Spiteri and Steven J. Ruuth},
	Date-Added = {2018-12-20 09:06:12 +0100},
	Date-Modified = {2018-12-20 09:09:36 +0100},
	Doi = {10.1137/S0036142901389025},
	Journal = {Journal on Numerical Analysis},
	Keywords = {RK ; tableau de Butcher},
	Number = {2},
	Pages = {469-491},
	Title = {A New Class of Optimal High-Order Strong-Stability-Preserving Time Discretization Methods},
	Volume = {40},
	Year = {2002},
	Bdsk-File-1 = {YnBsaXN0MDDSAQIDBFxyZWxhdGl2ZVBhdGhZYWxpYXNEYXRhXxAUcGRmLzIwMDItU3BpdGVyaS5wZGZPEQFqAAAAAAFqAAIAAAVNYWNIRAAAAAAAAAAAAAAAAAAAAAAAAAAAAAAAAAAAQkQAAf////8QMjAwMi1TcGl0ZXJpLnBkZgAAAAAAAAAAAAAAAAAAAAAAAAAAAAAAAAAAAAAAAAAAAAAAAAAAAAAAAAAAAAAA/////wAAAAAAAAAAAAAAAAABAAMAAAogY3UAAAAAAAAAAAAAAAAAA3BkZgAAAgA/LzpVc2Vyczpqb3NzZWxpbjpQdWJsaWM6bWlNYVM6YmlibGlvZ3JhcGh5OnBkZjoyMDAyLVNwaXRlcmkucGRmAAAOACIAEAAyADAAMAAyAC0AUwBwAGkAdABlAHIAaQAuAHAAZABmAA8ADAAFAE0AYQBjAEgARAASAD1Vc2Vycy9qb3NzZWxpbi9QdWJsaWMvbWlNYVMvYmlibGlvZ3JhcGh5L3BkZi8yMDAyLVNwaXRlcmkucGRmAAATAAEvAAAVAAIAD///AAAACAANABoAJAA7AAAAAAAAAgEAAAAAAAAABQAAAAAAAAAAAAAAAAAAAak=},
	Bdsk-Url-1 = {https://doi.org/10.1137/S0036142901389025}}

@url{Ketcheson:2015,
	Author = {David Ketcheson},
	Date-Added = {2018-12-05 10:59:43 +0000},
	Date-Modified = {2018-12-17 01:43:42 +0100},
	Keywords = {python},
	Title = {NodePy (Numerical ODEs in Python) softwate version 0.6},
	Url = {http://github.com/ketch/nodepy},
	Urldate = {2018-12-05},
	Year = {2015},
	Bdsk-Url-1 = {https://nodepy.readthedocs.io/en/latest/},
	Bdsk-Url-2 = {http://github.com/ketch/nodepy}}

@article{Filbet:2018,
	Author = {Francis Filbet and Tao Xiong},
	Date-Added = {2018-12-04 10:27:03 +0000},
	Date-Modified = {2018-12-05 13:24:40 +0000},
	Doi = {10.1016/j.jcp.2018.06.064},
	Journal = {Journal of Computational Physics},
	Number = {1},
	Pages = {841-863},
	Title = {A hybrid discontinuous Galrkin scheme for mulit-scale kinetic equations},
	Volume = {372},
	Year = {2018},
	Bdsk-File-1 = {YnBsaXN0MDDSAQIDBFxyZWxhdGl2ZVBhdGhZYWxpYXNEYXRhXxAWcGRmLzIwMTgtRmlsYmV0KDEpLnBkZk8RAXIAAAAAAXIAAgAABU1hY0hEAAAAAAAAAAAAAAAAAAAAAAAAAAAAAAAAAABCRAAB/////xIyMDE4LUZpbGJldCgxKS5wZGYAAAAAAAAAAAAAAAAAAAAAAAAAAAAAAAAAAAAAAAAAAAAAAAAAAAAAAAAAAAD/////AAAAAAAAAAAAAAAAAAEAAwAACiBjdQAAAAAAAAAAAAAAAAADcGRmAAACAEEvOlVzZXJzOmpvc3NlbGluOlB1YmxpYzptaU1hUzpiaWJsaW9ncmFwaHk6cGRmOjIwMTgtRmlsYmV0KDEpLnBkZgAADgAmABIAMgAwADEAOAAtAEYAaQBsAGIAZQB0ACgAMQApAC4AcABkAGYADwAMAAUATQBhAGMASABEABIAP1VzZXJzL2pvc3NlbGluL1B1YmxpYy9taU1hUy9iaWJsaW9ncmFwaHkvcGRmLzIwMTgtRmlsYmV0KDEpLnBkZgAAEwABLwAAFQACAA///wAAAAgADQAaACQAPQAAAAAAAAIBAAAAAAAAAAUAAAAAAAAAAAAAAAAAAAGz},
	Bdsk-File-2 = {YnBsaXN0MDDSAQIDBFxyZWxhdGl2ZVBhdGhZYWxpYXNEYXRhXxAWcGRmLzIwMTgtRmlsYmV0KDIpLnBkZk8RAXIAAAAAAXIAAgAABU1hY0hEAAAAAAAAAAAAAAAAAAAAAAAAAAAAAAAAAABCRAAB/////xIyMDE4LUZpbGJldCgyKS5wZGYAAAAAAAAAAAAAAAAAAAAAAAAAAAAAAAAAAAAAAAAAAAAAAAAAAAAAAAAAAAD/////AAAAAAAAAAAAAAAAAAEAAwAACiBjdQAAAAAAAAAAAAAAAAADcGRmAAACAEEvOlVzZXJzOmpvc3NlbGluOlB1YmxpYzptaU1hUzpiaWJsaW9ncmFwaHk6cGRmOjIwMTgtRmlsYmV0KDIpLnBkZgAADgAmABIAMgAwADEAOAAtAEYAaQBsAGIAZQB0ACgAMgApAC4AcABkAGYADwAMAAUATQBhAGMASABEABIAP1VzZXJzL2pvc3NlbGluL1B1YmxpYy9taU1hUy9iaWJsaW9ncmFwaHkvcGRmLzIwMTgtRmlsYmV0KDIpLnBkZgAAEwABLwAAFQACAA///wAAAAgADQAaACQAPQAAAAAAAAIBAAAAAAAAAAUAAAAAAAAAAAAAAAAAAAGz},
	Bdsk-Url-1 = {https://doi.org/10.1016/j.jcp.2018.06.064}}

@article{Charles:2012,
	Author = {Fr{\'e}d{\'e}rique Charles and Bruno Despr{\'e}s and Michel Mehrenberger},
	Date-Added = {2018-12-04 09:16:55 +0000},
	Date-Modified = {2018-12-05 13:12:36 +0000},
	Doi = {10.1137/110851511},
	Journal = {Journal on Numerical Analysis},
	Number = {2},
	Title = {nhanced Convergence Estimates for Semi-Lagrangian Schemes Application to the Vlasov--Poisson Equation},
	Volume = {51},
	Year = {2012},
	Bdsk-File-1 = {YnBsaXN0MDDSAQIDBFxyZWxhdGl2ZVBhdGhZYWxpYXNEYXRhXxAUcGRmLzIwMTItQ2hhcmxlcy5wZGZPEQFqAAAAAAFqAAIAAAVNYWNIRAAAAAAAAAAAAAAAAAAAAAAAAAAAAAAAAAAAQkQAAf////8QMjAxMi1DaGFybGVzLnBkZgAAAAAAAAAAAAAAAAAAAAAAAAAAAAAAAAAAAAAAAAAAAAAAAAAAAAAAAAAAAAAA/////wAAAAAAAAAAAAAAAAABAAMAAAogY3UAAAAAAAAAAAAAAAAAA3BkZgAAAgA/LzpVc2Vyczpqb3NzZWxpbjpQdWJsaWM6bWlNYVM6YmlibGlvZ3JhcGh5OnBkZjoyMDEyLUNoYXJsZXMucGRmAAAOACIAEAAyADAAMQAyAC0AQwBoAGEAcgBsAGUAcwAuAHAAZABmAA8ADAAFAE0AYQBjAEgARAASAD1Vc2Vycy9qb3NzZWxpbi9QdWJsaWMvbWlNYVMvYmlibGlvZ3JhcGh5L3BkZi8yMDEyLUNoYXJsZXMucGRmAAATAAEvAAAVAAIAD///AAAACAANABoAJAA7AAAAAAAAAgEAAAAAAAAABQAAAAAAAAAAAAAAAAAAAak=},
	Bdsk-Url-1 = {https://doi.org/10.1137/110851511}}

@article{Degond:2005,
	Author = {Pierre Degond and Shi Jin and Luc Mieussens},
	Date-Added = {2018-12-04 09:14:24 +0000},
	Date-Modified = {2018-12-05 13:05:42 +0000},
	Doi = {10.1016/j.jcp.2005.03.025},
	Journal = {Journal of Computational Physics},
	Number = {2},
	Pages = {665-694},
	Title = {A smooth transition model between kinetic and hydrodynamic equations},
	Volume = {209},
	Year = {2005},
	Bdsk-File-1 = {YnBsaXN0MDDSAQIDBFxyZWxhdGl2ZVBhdGhZYWxpYXNEYXRhXxATcGRmLzIwMDUtRGVnb25kLnBkZk8RAWQAAAAAAWQAAgAABU1hY0hEAAAAAAAAAAAAAAAAAAAAAAAAAAAAAAAAAABCRAAB/////w8yMDA1LURlZ29uZC5wZGYAAAAAAAAAAAAAAAAAAAAAAAAAAAAAAAAAAAAAAAAAAAAAAAAAAAAAAAAAAAAAAAD/////AAAAAAAAAAAAAAAAAAEAAwAACiBjdQAAAAAAAAAAAAAAAAADcGRmAAACAD4vOlVzZXJzOmpvc3NlbGluOlB1YmxpYzptaU1hUzpiaWJsaW9ncmFwaHk6cGRmOjIwMDUtRGVnb25kLnBkZgAOACAADwAyADAAMAA1AC0ARABlAGcAbwBuAGQALgBwAGQAZgAPAAwABQBNAGEAYwBIAEQAEgA8VXNlcnMvam9zc2VsaW4vUHVibGljL21pTWFTL2JpYmxpb2dyYXBoeS9wZGYvMjAwNS1EZWdvbmQucGRmABMAAS8AABUAAgAP//8AAAAIAA0AGgAkADoAAAAAAAACAQAAAAAAAAAFAAAAAAAAAAAAAAAAAAABog==},
	Bdsk-Url-1 = {https://doi.org/10.1016/j.jcp.2005.03.025}}

@article{Alexander:1976,
	Author = {Roger Alexander},
	Date-Added = {2018-12-04 09:11:04 +0000},
	Date-Modified = {2018-12-17 10:51:17 +0100},
	Doi = {10.1137/0714068},
	Journal = {Journal on Numerical Analysis},
	Keywords = {DIRK},
	Number = {16},
	Pages = {1006-1021},
	Title = {Diagonally Implicit Runge--Kutta Methods for Stiff O.D.E.'s},
	Volume = {14},
	Year = {1976},
	Bdsk-File-1 = {YnBsaXN0MDDSAQIDBFxyZWxhdGl2ZVBhdGhZYWxpYXNEYXRhXxAWcGRmLzE5NzYtQWxleGFuZGVyLnBkZk8RAXIAAAAAAXIAAgAABU1hY0hEAAAAAAAAAAAAAAAAAAAAAAAAAAAAAAAAAABCRAAB/////xIxOTc2LUFsZXhhbmRlci5wZGYAAAAAAAAAAAAAAAAAAAAAAAAAAAAAAAAAAAAAAAAAAAAAAAAAAAAAAAAAAAD/////AAAAAAAAAAAAAAAAAAEAAwAACiBjdQAAAAAAAAAAAAAAAAADcGRmAAACAEEvOlVzZXJzOmpvc3NlbGluOlB1YmxpYzptaU1hUzpiaWJsaW9ncmFwaHk6cGRmOjE5NzYtQWxleGFuZGVyLnBkZgAADgAmABIAMQA5ADcANgAtAEEAbABlAHgAYQBuAGQAZQByAC4AcABkAGYADwAMAAUATQBhAGMASABEABIAP1VzZXJzL2pvc3NlbGluL1B1YmxpYy9taU1hUy9iaWJsaW9ncmFwaHkvcGRmLzE5NzYtQWxleGFuZGVyLnBkZgAAEwABLwAAFQACAA///wAAAAgADQAaACQAPQAAAAAAAAIBAAAAAAAAAAUAAAAAAAAAAAAAAAAAAAGz},
	Bdsk-Url-1 = {https://doi.org/10.1137/0714068}}

@article{Lawson:1967,
	Author = {J. Douglas Lawson},
	Date-Added = {2018-12-04 09:09:08 +0000},
	Date-Modified = {2018-12-04 09:21:16 +0000},
	Doi = {10.1137/0704056},
	Journal = {Journal on Numerical Analysis},
	Title = {An Order Six Runge-Kutta Process with Extended Region of Stability},
	Year = {1967},
	Bdsk-File-1 = {YnBsaXN0MDDSAQIDBFxyZWxhdGl2ZVBhdGhZYWxpYXNEYXRhXxATcGRmLzE5NjctTGF3c29uLnBkZk8RAWQAAAAAAWQAAgAABU1hY0hEAAAAAAAAAAAAAAAAAAAAAAAAAAAAAAAAAABCRAAB/////w8xOTY3LUxhd3Nvbi5wZGYAAAAAAAAAAAAAAAAAAAAAAAAAAAAAAAAAAAAAAAAAAAAAAAAAAAAAAAAAAAAAAAD/////AAAAAAAAAAAAAAAAAAEAAwAACiBjdQAAAAAAAAAAAAAAAAADcGRmAAACAD4vOlVzZXJzOmpvc3NlbGluOlB1YmxpYzptaU1hUzpiaWJsaW9ncmFwaHk6cGRmOjE5NjctTGF3c29uLnBkZgAOACAADwAxADkANgA3AC0ATABhAHcAcwBvAG4ALgBwAGQAZgAPAAwABQBNAGEAYwBIAEQAEgA8VXNlcnMvam9zc2VsaW4vUHVibGljL21pTWFTL2JpYmxpb2dyYXBoeS9wZGYvMTk2Ny1MYXdzb24ucGRmABMAAS8AABUAAgAP//8AAAAIAA0AGgAkADoAAAAAAAACAQAAAAAAAAAFAAAAAAAAAAAAAAAAAAABog==},
	Bdsk-Url-1 = {https://doi.org/10.1137/0704056}}

@article{Xiao:1998,
	Author = {Fuliang Xiao and Richard M. Thorne and Danny Summers},
	Date-Added = {2018-12-04 07:45:42 +0000},
	Date-Modified = {2018-12-05 13:02:27 +0000},
	Doi = {10.1063/1.872932},
	Journal = {Physics of Plasmas},
	Keywords = {physics},
	Title = {Instability of electromagnetic R-mode waves in a relativistic plasma},
	Year = {1998},
	Bdsk-File-1 = {YnBsaXN0MDDSAQIDBFxyZWxhdGl2ZVBhdGhZYWxpYXNEYXRhXxARcGRmLzE5OTgtWGlhby5wZGZPEQFcAAAAAAFcAAIAAAVNYWNIRAAAAAAAAAAAAAAAAAAAAAAAAAAAAAAAAAAAQkQAAf////8NMTk5OC1YaWFvLnBkZgAAAAAAAAAAAAAAAAAAAAAAAAAAAAAAAAAAAAAAAAAAAAAAAAAAAAAAAAAAAAAAAAAA/////wAAAAAAAAAAAAAAAAABAAMAAAogY3UAAAAAAAAAAAAAAAAAA3BkZgAAAgA8LzpVc2Vyczpqb3NzZWxpbjpQdWJsaWM6bWlNYVM6YmlibGlvZ3JhcGh5OnBkZjoxOTk4LVhpYW8ucGRmAA4AHAANADEAOQA5ADgALQBYAGkAYQBvAC4AcABkAGYADwAMAAUATQBhAGMASABEABIAOlVzZXJzL2pvc3NlbGluL1B1YmxpYy9taU1hUy9iaWJsaW9ncmFwaHkvcGRmLzE5OTgtWGlhby5wZGYAEwABLwAAFQACAA///wAAAAgADQAaACQAOAAAAAAAAAIBAAAAAAAAAAUAAAAAAAAAAAAAAAAAAAGY},
	Bdsk-Url-1 = {https://doi.org/10.1063/1.872932}}

@article{Tao:2014,
	Author = {X. Tao},
	Date-Added = {2018-12-04 07:42:35 +0000},
	Date-Modified = {2018-12-05 13:19:42 +0000},
	Doi = {10.1002/2014JA019820},
	Journal = {Journal of Geophysical Research: Space Physics},
	Keywords = {physics},
	Title = {A numerical study of chorus generation and the related variation of wave intensity using the DAWN code},
	Year = {2014},
	Bdsk-File-1 = {YnBsaXN0MDDSAQIDBFxyZWxhdGl2ZVBhdGhZYWxpYXNEYXRhXxAQcGRmLzIwMTQtVGFvLnBkZk8RAVoAAAAAAVoAAgAABU1hY0hEAAAAAAAAAAAAAAAAAAAAAAAAAAAAAAAAAABCRAAB/////wwyMDE0LVRhby5wZGYAAAAAAAAAAAAAAAAAAAAAAAAAAAAAAAAAAAAAAAAAAAAAAAAAAAAAAAAAAAAAAAAAAAD/////AAAAAAAAAAAAAAAAAAEAAwAACiBjdQAAAAAAAAAAAAAAAAADcGRmAAACADsvOlVzZXJzOmpvc3NlbGluOlB1YmxpYzptaU1hUzpiaWJsaW9ncmFwaHk6cGRmOjIwMTQtVGFvLnBkZgAADgAaAAwAMgAwADEANAAtAFQAYQBvAC4AcABkAGYADwAMAAUATQBhAGMASABEABIAOVVzZXJzL2pvc3NlbGluL1B1YmxpYy9taU1hUy9iaWJsaW9ncmFwaHkvcGRmLzIwMTQtVGFvLnBkZgAAEwABLwAAFQACAA///wAAAAgADQAaACQANwAAAAAAAAIBAAAAAAAAAAUAAAAAAAAAAAAAAAAAAAGV},
	Bdsk-Url-1 = {https://doi.org/10.1002/2014JA019820}}

@misc{Holderied:2018,
	Author = {Florian Holderied},
	Date-Added = {2018-12-03 17:20:28 +0000},
	Date-Modified = {2018-12-04 07:47:13 +0000},
	Howpublished = {IPP},
	Keywords = {slides ; physics},
	Title = {Electron Hybrid model for R/L-waves in cold plasmas},
	Year = {2018},
	Bdsk-File-1 = {YnBsaXN0MDDSAQIDBFxyZWxhdGl2ZVBhdGhZYWxpYXNEYXRhXxAWcGRmLzIwMTgtSG9sZGVyaWVkLnBkZk8RAXIAAAAAAXIAAgAABU1hY0hEAAAAAAAAAAAAAAAAAAAAAAAAAAAAAAAAAABCRAAB/////xIyMDE4LUhvbGRlcmllZC5wZGYAAAAAAAAAAAAAAAAAAAAAAAAAAAAAAAAAAAAAAAAAAAAAAAAAAAAAAAAAAAD/////AAAAAAAAAAAAAAAAAAEAAwAACiBjdQAAAAAAAAAAAAAAAAADcGRmAAACAEEvOlVzZXJzOmpvc3NlbGluOlB1YmxpYzptaU1hUzpiaWJsaW9ncmFwaHk6cGRmOjIwMTgtSG9sZGVyaWVkLnBkZgAADgAmABIAMgAwADEAOAAtAEgAbwBsAGQAZQByAGkAZQBkAC4AcABkAGYADwAMAAUATQBhAGMASABEABIAP1VzZXJzL2pvc3NlbGluL1B1YmxpYy9taU1hUy9iaWJsaW9ncmFwaHkvcGRmLzIwMTgtSG9sZGVyaWVkLnBkZgAAEwABLwAAFQACAA///wAAAAgADQAaACQAPQAAAAAAAAIBAAAAAAAAAAUAAAAAAAAAAAAAAAAAAAGz}}

@book{Bostan:2017,
	Annote = {Bruno Salvy est venu aux journ{\'e}es Louis-Antoine (22-23/11/2018)},
	Author = {Alin Bostan and Fr{\'e}d{\'e}ric Chyzak and Marc Giusti and Romain Lebreton and Gr{\'e}goire Lecref and Bruno Salvy and {\'E}ric Schost},
	Date-Added = {2018-12-03 17:14:37 +0000},
	Date-Modified = {2018-12-05 13:21:36 +0000},
	Isbn = {979-1069909472},
	Publisher = {{\'E}dition web},
	Title = {Algorithmes Efficaces en Calcul Formel},
	Year = {2017},
	Bdsk-File-1 = {YnBsaXN0MDDSAQIDBFxyZWxhdGl2ZVBhdGhZYWxpYXNEYXRhXxATcGRmLzIwMTctQm9zdGFuLnBkZk8RAWQAAAAAAWQAAgAABU1hY0hEAAAAAAAAAAAAAAAAAAAAAAAAAAAAAAAAAABCRAAB/////w8yMDE3LUJvc3Rhbi5wZGYAAAAAAAAAAAAAAAAAAAAAAAAAAAAAAAAAAAAAAAAAAAAAAAAAAAAAAAAAAAAAAAD/////AAAAAAAAAAAAAAAAAAEAAwAACiBjdQAAAAAAAAAAAAAAAAADcGRmAAACAD4vOlVzZXJzOmpvc3NlbGluOlB1YmxpYzptaU1hUzpiaWJsaW9ncmFwaHk6cGRmOjIwMTctQm9zdGFuLnBkZgAOACAADwAyADAAMQA3AC0AQgBvAHMAdABhAG4ALgBwAGQAZgAPAAwABQBNAGEAYwBIAEQAEgA8VXNlcnMvam9zc2VsaW4vUHVibGljL21pTWFTL2JpYmxpb2dyYXBoeS9wZGYvMjAxNy1Cb3N0YW4ucGRmABMAAS8AABUAAgAP//8AAAAIAA0AGgAkADoAAAAAAAACAQAAAAAAAAAFAAAAAAAAAAAAAAAAAAABog==}}

@book{Sonnendrucker:2015,
	Annote = {La lin{\'e}arisation de VP est d{\'e}taill{\'e}e pp. 34-44.},
	Author = {Eric Sonnendr{\"u}cker},
	Date-Added = {2018-12-03 15:23:19 +0000},
	Date-Modified = {2018-12-04 07:37:39 +0000},
	Publisher = {Springer},
	Title = {Numerical Methods for the Vlasov-Maxwell equations},
	Year = {2015},
	Bdsk-File-1 = {YnBsaXN0MDDSAQIDBFxyZWxhdGl2ZVBhdGhZYWxpYXNEYXRhXxAacGRmLzIwMTUtU29ubmVuZHJ1Y2tlci5wZGZPEQGCAAAAAAGCAAIAAAVNYWNIRAAAAAAAAAAAAAAAAAAAAAAAAAAAAAAAAAAAQkQAAf////8WMjAxNS1Tb25uZW5kcnVja2VyLnBkZgAAAAAAAAAAAAAAAAAAAAAAAAAAAAAAAAAAAAAAAAAAAAAAAAAAAAAA/////wAAAAAAAAAAAAAAAAABAAMAAAogY3UAAAAAAAAAAAAAAAAAA3BkZgAAAgBFLzpVc2Vyczpqb3NzZWxpbjpQdWJsaWM6bWlNYVM6YmlibGlvZ3JhcGh5OnBkZjoyMDE1LVNvbm5lbmRydWNrZXIucGRmAAAOAC4AFgAyADAAMQA1AC0AUwBvAG4AbgBlAG4AZAByAHUAYwBrAGUAcgAuAHAAZABmAA8ADAAFAE0AYQBjAEgARAASAENVc2Vycy9qb3NzZWxpbi9QdWJsaWMvbWlNYVMvYmlibGlvZ3JhcGh5L3BkZi8yMDE1LVNvbm5lbmRydWNrZXIucGRmAAATAAEvAAAVAAIAD///AAAACAANABoAJABBAAAAAAAAAgEAAAAAAAAABQAAAAAAAAAAAAAAAAAAAcc=}}

@article{Motamed:2010,
	Author = {Mohammed Motamed and Colin B. Macdonald and Steven J. Ruuth},
	Date-Added = {2018-12-03 15:16:29 +0000},
	Date-Modified = {2019-01-30 08:23:34 +0100},
	Doi = {10.1007/s10915-010-9423-9},
	Journal = {Journal of Scientific Computing},
	Pages = {127-149},
	Title = {On the Linear Stability of the Fifth-Order WENO Discretization},
	Volume = {47},
	Year = {2010},
	Bdsk-File-1 = {YnBsaXN0MDDSAQIDBFxyZWxhdGl2ZVBhdGhZYWxpYXNEYXRhXxAXcGRmLzIwMTAtTW90YW1lZCgxKS5wZGZPEQF0AAAAAAF0AAIAAAVNYWNIRAAAAAAAAAAAAAAAAAAAAAAAAAAAAAAAAAAAQkQAAf////8TMjAxMC1Nb3RhbWVkKDEpLnBkZgAAAAAAAAAAAAAAAAAAAAAAAAAAAAAAAAAAAAAAAAAAAAAAAAAAAAAAAAAA/////wAAAAAAAAAAAAAAAAABAAMAAAogY3UAAAAAAAAAAAAAAAAAA3BkZgAAAgBCLzpVc2Vyczpqb3NzZWxpbjpQdWJsaWM6bWlNYVM6YmlibGlvZ3JhcGh5OnBkZjoyMDEwLU1vdGFtZWQoMSkucGRmAA4AKAATADIAMAAxADAALQBNAG8AdABhAG0AZQBkACgAMQApAC4AcABkAGYADwAMAAUATQBhAGMASABEABIAQFVzZXJzL2pvc3NlbGluL1B1YmxpYy9taU1hUy9iaWJsaW9ncmFwaHkvcGRmLzIwMTAtTW90YW1lZCgxKS5wZGYAEwABLwAAFQACAA///wAAAAgADQAaACQAPgAAAAAAAAIBAAAAAAAAAAUAAAAAAAAAAAAAAAAAAAG2},
	Bdsk-File-2 = {YnBsaXN0MDDSAQIDBFxyZWxhdGl2ZVBhdGhZYWxpYXNEYXRhXxAXcGRmLzIwMTAtTW90YW1lZCgyKS5wZGZPEQF0AAAAAAF0AAIAAAVNYWNIRAAAAAAAAAAAAAAAAAAAAAAAAAAAAAAAAAAAQkQAAf////8TMjAxMC1Nb3RhbWVkKDIpLnBkZgAAAAAAAAAAAAAAAAAAAAAAAAAAAAAAAAAAAAAAAAAAAAAAAAAAAAAAAAAA/////wAAAAAAAAAAAAAAAAABAAMAAAogY3UAAAAAAAAAAAAAAAAAA3BkZgAAAgBCLzpVc2Vyczpqb3NzZWxpbjpQdWJsaWM6bWlNYVM6YmlibGlvZ3JhcGh5OnBkZjoyMDEwLU1vdGFtZWQoMikucGRmAA4AKAATADIAMAAxADAALQBNAG8AdABhAG0AZQBkACgAMgApAC4AcABkAGYADwAMAAUATQBhAGMASABEABIAQFVzZXJzL2pvc3NlbGluL1B1YmxpYy9taU1hUy9iaWJsaW9ncmFwaHkvcGRmLzIwMTAtTW90YW1lZCgyKS5wZGYAEwABLwAAFQACAA///wAAAAgADQAaACQAPgAAAAAAAAIBAAAAAAAAAAUAAAAAAAAAAAAAAAAAAAG2},
	Bdsk-Url-1 = {https://doi.org/10.1007/s10915-010-9423-9}}

@article{Despres:2009,
	Author = {Bruno Despr{\'e}s},
	Date-Added = {2018-12-03 13:58:20 +0000},
	Date-Modified = {2018-12-05 13:09:00 +0000},
	Doi = {10.1137/080734571},
	Journal = {Journal on Numerical Analysis},
	Number = {5},
	Pages = {3956-3976},
	Title = {Uniform asymptotic stability of Strang's explicit compact schemes for linear advection},
	Volume = {47},
	Year = {2009},
	Bdsk-File-1 = {YnBsaXN0MDDSAQIDBFxyZWxhdGl2ZVBhdGhZYWxpYXNEYXRhXxAUcGRmLzIwMDktRGVzcHJlcy5wZGZPEQFqAAAAAAFqAAIAAAVNYWNIRAAAAAAAAAAAAAAAAAAAAAAAAAAAAAAAAAAAQkQAAf////8QMjAwOS1EZXNwcmVzLnBkZgAAAAAAAAAAAAAAAAAAAAAAAAAAAAAAAAAAAAAAAAAAAAAAAAAAAAAAAAAAAAAA/////wAAAAAAAAAAAAAAAAABAAMAAAogY3UAAAAAAAAAAAAAAAAAA3BkZgAAAgA/LzpVc2Vyczpqb3NzZWxpbjpQdWJsaWM6bWlNYVM6YmlibGlvZ3JhcGh5OnBkZjoyMDA5LURlc3ByZXMucGRmAAAOACIAEAAyADAAMAA5AC0ARABlAHMAcAByAGUAcwAuAHAAZABmAA8ADAAFAE0AYQBjAEgARAASAD1Vc2Vycy9qb3NzZWxpbi9QdWJsaWMvbWlNYVMvYmlibGlvZ3JhcGh5L3BkZi8yMDA5LURlc3ByZXMucGRmAAATAAEvAAAVAAIAD///AAAACAANABoAJAA7AAAAAAAAAgEAAAAAAAAABQAAAAAAAAAAAAAAAAAAAak=},
	Bdsk-Url-1 = {https://doi.org/10.1137/080734571}}

@article{Degond:2010,
	Author = {Pierre Degond and Giacomo Dimarco and Luc Mieussens},
	Date-Added = {2018-12-03 13:55:29 +0000},
	Date-Modified = {2018-12-05 13:09:41 +0000},
	Doi = {10.1016/j.jcp.2010.03.009},
	Journal = {Journal of Computational Physics},
	Pages = {4907-4933},
	Title = {A multiscale kinetic-fluid solver with dynamic localization of kinetic effects},
	Volume = {229},
	Year = {2010},
	Bdsk-File-1 = {YnBsaXN0MDDSAQIDBFxyZWxhdGl2ZVBhdGhZYWxpYXNEYXRhXxAWcGRmLzIwMTAtRGVnb25kKDIpLnBkZk8RAXIAAAAAAXIAAgAABU1hY0hEAAAAAAAAAAAAAAAAAAAAAAAAAAAAAAAAAABCRAAB/////xIyMDEwLURlZ29uZCgyKS5wZGYAAAAAAAAAAAAAAAAAAAAAAAAAAAAAAAAAAAAAAAAAAAAAAAAAAAAAAAAAAAD/////AAAAAAAAAAAAAAAAAAEAAwAACiBjdQAAAAAAAAAAAAAAAAADcGRmAAACAEEvOlVzZXJzOmpvc3NlbGluOlB1YmxpYzptaU1hUzpiaWJsaW9ncmFwaHk6cGRmOjIwMTAtRGVnb25kKDIpLnBkZgAADgAmABIAMgAwADEAMAAtAEQAZQBnAG8AbgBkACgAMgApAC4AcABkAGYADwAMAAUATQBhAGMASABEABIAP1VzZXJzL2pvc3NlbGluL1B1YmxpYy9taU1hUy9iaWJsaW9ncmFwaHkvcGRmLzIwMTAtRGVnb25kKDIpLnBkZgAAEwABLwAAFQACAA///wAAAAgADQAaACQAPQAAAAAAAAIBAAAAAAAAAAUAAAAAAAAAAAAAAAAAAAGz},
	Bdsk-File-2 = {YnBsaXN0MDDSAQIDBFxyZWxhdGl2ZVBhdGhZYWxpYXNEYXRhXxAWcGRmLzIwMTAtRGVnb25kKDEpLnBkZk8RAXIAAAAAAXIAAgAABU1hY0hEAAAAAAAAAAAAAAAAAAAAAAAAAAAAAAAAAABCRAAB/////xIyMDEwLURlZ29uZCgxKS5wZGYAAAAAAAAAAAAAAAAAAAAAAAAAAAAAAAAAAAAAAAAAAAAAAAAAAAAAAAAAAAD/////AAAAAAAAAAAAAAAAAAEAAwAACiBjdQAAAAAAAAAAAAAAAAADcGRmAAACAEEvOlVzZXJzOmpvc3NlbGluOlB1YmxpYzptaU1hUzpiaWJsaW9ncmFwaHk6cGRmOjIwMTAtRGVnb25kKDEpLnBkZgAADgAmABIAMgAwADEAMAAtAEQAZQBnAG8AbgBkACgAMQApAC4AcABkAGYADwAMAAUATQBhAGMASABEABIAP1VzZXJzL2pvc3NlbGluL1B1YmxpYy9taU1hUy9iaWJsaW9ncmFwaHkvcGRmLzIwMTAtRGVnb25kKDEpLnBkZgAAEwABLwAAFQACAA///wAAAAgADQAaACQAPQAAAAAAAAIBAAAAAAAAAAUAAAAAAAAAAAAAAAAAAAGz},
	Bdsk-Url-1 = {https://doi.org/10.1016/j.jcp.2010.03.009}}

@article{Dimarco:2012,
	Author = {Giacomo Dimarco and Lorenzo Pareschi},
	Date-Added = {2018-12-03 11:53:23 +0000},
	Date-Modified = {2018-12-05 13:13:42 +0000},
	Doi = {10.1016/j.crma.2012.05.010},
	Journal = {Comptes Rendus Mathematique},
	Title = {High order asymptotic-preserving schemes for the Boltzmann equation},
	Volume = {350},
	Year = {2012},
	Bdsk-File-1 = {YnBsaXN0MDDSAQIDBFxyZWxhdGl2ZVBhdGhZYWxpYXNEYXRhXxAUcGRmLzIwMTItRGltYXJjby5wZGZPEQFqAAAAAAFqAAIAAAVNYWNIRAAAAAAAAAAAAAAAAAAAAAAAAAAAAAAAAAAAQkQAAf////8QMjAxMi1EaW1hcmNvLnBkZgAAAAAAAAAAAAAAAAAAAAAAAAAAAAAAAAAAAAAAAAAAAAAAAAAAAAAAAAAAAAAA/////wAAAAAAAAAAAAAAAAABAAMAAAogY3UAAAAAAAAAAAAAAAAAA3BkZgAAAgA/LzpVc2Vyczpqb3NzZWxpbjpQdWJsaWM6bWlNYVM6YmlibGlvZ3JhcGh5OnBkZjoyMDEyLURpbWFyY28ucGRmAAAOACIAEAAyADAAMQAyAC0ARABpAG0AYQByAGMAbwAuAHAAZABmAA8ADAAFAE0AYQBjAEgARAASAD1Vc2Vycy9qb3NzZWxpbi9QdWJsaWMvbWlNYVMvYmlibGlvZ3JhcGh5L3BkZi8yMDEyLURpbWFyY28ucGRmAAATAAEvAAAVAAIAD///AAAACAANABoAJAA7AAAAAAAAAgEAAAAAAAAABQAAAAAAAAAAAAAAAAAAAak=},
	Bdsk-Url-1 = {https://doi.org/10.1016/j.crma.2012.05.010}}

@article{Filbet:2014,
	Author = {Francis Filbet and Thomas Rey},
	Date-Added = {2018-12-03 11:52:06 +0000},
	Date-Modified = {2018-12-05 13:16:19 +0000},
	Doi = {10.1137/140958773},
	Journal = {Journal of Scientific Computing},
	Title = {A hierachy of hybrid numerical methods for multi-scale kinetic equations},
	Year = {2014},
	Bdsk-File-1 = {YnBsaXN0MDDSAQIDBFxyZWxhdGl2ZVBhdGhZYWxpYXNEYXRhXxAWcGRmLzIwMTQtRmlsYmV0KDEpLnBkZk8RAXIAAAAAAXIAAgAABU1hY0hEAAAAAAAAAAAAAAAAAAAAAAAAAAAAAAAAAABCRAAB/////xIyMDE0LUZpbGJldCgxKS5wZGYAAAAAAAAAAAAAAAAAAAAAAAAAAAAAAAAAAAAAAAAAAAAAAAAAAAAAAAAAAAD/////AAAAAAAAAAAAAAAAAAEAAwAACiBjdQAAAAAAAAAAAAAAAAADcGRmAAACAEEvOlVzZXJzOmpvc3NlbGluOlB1YmxpYzptaU1hUzpiaWJsaW9ncmFwaHk6cGRmOjIwMTQtRmlsYmV0KDEpLnBkZgAADgAmABIAMgAwADEANAAtAEYAaQBsAGIAZQB0ACgAMQApAC4AcABkAGYADwAMAAUATQBhAGMASABEABIAP1VzZXJzL2pvc3NlbGluL1B1YmxpYy9taU1hUy9iaWJsaW9ncmFwaHkvcGRmLzIwMTQtRmlsYmV0KDEpLnBkZgAAEwABLwAAFQACAA///wAAAAgADQAaACQAPQAAAAAAAAIBAAAAAAAAAAUAAAAAAAAAAAAAAAAAAAGz},
	Bdsk-File-2 = {YnBsaXN0MDDSAQIDBFxyZWxhdGl2ZVBhdGhZYWxpYXNEYXRhXxAWcGRmLzIwMTQtRmlsYmV0KDIpLnBkZk8RAXIAAAAAAXIAAgAABU1hY0hEAAAAAAAAAAAAAAAAAAAAAAAAAAAAAAAAAABCRAAB/////xIyMDE0LUZpbGJldCgyKS5wZGYAAAAAAAAAAAAAAAAAAAAAAAAAAAAAAAAAAAAAAAAAAAAAAAAAAAAAAAAAAAD/////AAAAAAAAAAAAAAAAAAEAAwAACiBjdQAAAAAAAAAAAAAAAAADcGRmAAACAEEvOlVzZXJzOmpvc3NlbGluOlB1YmxpYzptaU1hUzpiaWJsaW9ncmFwaHk6cGRmOjIwMTQtRmlsYmV0KDIpLnBkZgAADgAmABIAMgAwADEANAAtAEYAaQBsAGIAZQB0ACgAMgApAC4AcABkAGYADwAMAAUATQBhAGMASABEABIAP1VzZXJzL2pvc3NlbGluL1B1YmxpYy9taU1hUy9iaWJsaW9ncmFwaHkvcGRmLzIwMTQtRmlsYmV0KDIpLnBkZgAAEwABLwAAFQACAA///wAAAAgADQAaACQAPQAAAAAAAAIBAAAAAAAAAAUAAAAAAAAAAAAAAAAAAAGz},
	Bdsk-Url-1 = {https://doi.org/10.1137/140958773}}

@misc{Isherwood:2018,
	Author = {Leah Isherwood and Zachary J. Grant and Sigal Gottlieb},
	Date-Added = {2018-12-03 11:47:02 +0000},
	Date-Modified = {2019-04-25 10:13:28 +0200},
	Keywords = {IFRK ; Lawson},
	Title = {Strong Stability Preserving Integrating Factor Runge-Kutta Methods},
	Year = {2018},
	Bdsk-File-1 = {YnBsaXN0MDDSAQIDBFxyZWxhdGl2ZVBhdGhZYWxpYXNEYXRhXxAZcGRmLzIwMTgtSXNoZXJ3b29kKDEpLnBkZk8RAXwAAAAAAXwAAgAABU1hY0hEAAAAAAAAAAAAAAAAAAAAAAAAAAAAAAAAAABCRAAB/////xUyMDE4LUlzaGVyd29vZCgxKS5wZGYAAAAAAAAAAAAAAAAAAAAAAAAAAAAAAAAAAAAAAAAAAAAAAAAAAAAAAAD/////AAAAAAAAAAAAAAAAAAEAAwAACiBjdQAAAAAAAAAAAAAAAAADcGRmAAACAEQvOlVzZXJzOmpvc3NlbGluOlB1YmxpYzptaU1hUzpiaWJsaW9ncmFwaHk6cGRmOjIwMTgtSXNoZXJ3b29kKDEpLnBkZgAOACwAFQAyADAAMQA4AC0ASQBzAGgAZQByAHcAbwBvAGQAKAAxACkALgBwAGQAZgAPAAwABQBNAGEAYwBIAEQAEgBCVXNlcnMvam9zc2VsaW4vUHVibGljL21pTWFTL2JpYmxpb2dyYXBoeS9wZGYvMjAxOC1Jc2hlcndvb2QoMSkucGRmABMAAS8AABUAAgAP//8AAAAIAA0AGgAkAEAAAAAAAAACAQAAAAAAAAAFAAAAAAAAAAAAAAAAAAABwA==},
	Bdsk-File-2 = {YnBsaXN0MDDSAQIDBFxyZWxhdGl2ZVBhdGhZYWxpYXNEYXRhXxAZcGRmLzIwMTgtSXNoZXJ3b29kKDIpLnBkZk8RAXwAAAAAAXwAAgAABU1hY0hEAAAAAAAAAAAAAAAAAAAAAAAAAAAAAAAAAABCRAAB/////xUyMDE4LUlzaGVyd29vZCgyKS5wZGYAAAAAAAAAAAAAAAAAAAAAAAAAAAAAAAAAAAAAAAAAAAAAAAAAAAAAAAD/////AAAAAAAAAAAAAAAAAAEAAwAACiBjdQAAAAAAAAAAAAAAAAADcGRmAAACAEQvOlVzZXJzOmpvc3NlbGluOlB1YmxpYzptaU1hUzpiaWJsaW9ncmFwaHk6cGRmOjIwMTgtSXNoZXJ3b29kKDIpLnBkZgAOACwAFQAyADAAMQA4AC0ASQBzAGgAZQByAHcAbwBvAGQAKAAyACkALgBwAGQAZgAPAAwABQBNAGEAYwBIAEQAEgBCVXNlcnMvam9zc2VsaW4vUHVibGljL21pTWFTL2JpYmxpb2dyYXBoeS9wZGYvMjAxOC1Jc2hlcndvb2QoMikucGRmABMAAS8AABUAAgAP//8AAAAIAA0AGgAkAEAAAAAAAAACAQAAAAAAAAAFAAAAAAAAAAAAAAAAAAABwA==}}

@article{Wang:2007,
	Author = {Rong Wang and Raymond J. Spiteri},
	Date-Added = {2018-12-03 11:45:31 +0000},
	Date-Modified = {2018-12-05 13:07:38 +0000},
	Doi = {10.1137/050637868},
	Journal = {Journal on Numerical Analysis},
	Number = {5},
	Pages = {1871-1901},
	Title = {Linear instability of the fifth-order WENO method},
	Volume = {45},
	Year = {2007},
	Bdsk-File-1 = {YnBsaXN0MDDSAQIDBFxyZWxhdGl2ZVBhdGhZYWxpYXNEYXRhXxARcGRmLzIwMDctV2FuZy5wZGZPEQFcAAAAAAFcAAIAAAVNYWNIRAAAAAAAAAAAAAAAAAAAAAAAAAAAAAAAAAAAQkQAAf////8NMjAwNy1XYW5nLnBkZgAAAAAAAAAAAAAAAAAAAAAAAAAAAAAAAAAAAAAAAAAAAAAAAAAAAAAAAAAAAAAAAAAA/////wAAAAAAAAAAAAAAAAABAAMAAAogY3UAAAAAAAAAAAAAAAAAA3BkZgAAAgA8LzpVc2Vyczpqb3NzZWxpbjpQdWJsaWM6bWlNYVM6YmlibGlvZ3JhcGh5OnBkZjoyMDA3LVdhbmcucGRmAA4AHAANADIAMAAwADcALQBXAGEAbgBnAC4AcABkAGYADwAMAAUATQBhAGMASABEABIAOlVzZXJzL2pvc3NlbGluL1B1YmxpYy9taU1hUy9iaWJsaW9ncmFwaHkvcGRmLzIwMDctV2FuZy5wZGYAEwABLwAAFQACAA///wAAAAgADQAaACQAOAAAAAAAAAIBAAAAAAAAAAUAAAAAAAAAAAAAAAAAAAGY},
	Bdsk-Url-1 = {https://doi.org/10.1137/050637868}}

@article{Bennoune:2008,
	Author = {Mounir Bennoune and Mohammed Lemou and Luc Mieussens},
	Date-Added = {2018-12-03 11:41:58 +0000},
	Date-Modified = {2018-12-05 13:08:04 +0000},
	Doi = {10.1016/j.jcp.2007.11.032},
	Journal = {Journal of Computational Physics},
	Number = {8},
	Pages = {3781-3803},
	Title = {Uniformly stable numerical schemes for the Boltzmann equation preserving the compressible Navier-Stokes asymptotics},
	Volume = {227},
	Year = {2008},
	Bdsk-File-1 = {YnBsaXN0MDDSAQIDBFxyZWxhdGl2ZVBhdGhZYWxpYXNEYXRhXxAVcGRmLzIwMDgtQmVubm91bmUucGRmTxEBbAAAAAABbAACAAAFTWFjSEQAAAAAAAAAAAAAAAAAAAAAAAAAAAAAAAAAAEJEAAH/////ETIwMDgtQmVubm91bmUucGRmAAAAAAAAAAAAAAAAAAAAAAAAAAAAAAAAAAAAAAAAAAAAAAAAAAAAAAAAAAAAAP////8AAAAAAAAAAAAAAAAAAQADAAAKIGN1AAAAAAAAAAAAAAAAAANwZGYAAAIAQC86VXNlcnM6am9zc2VsaW46UHVibGljOm1pTWFTOmJpYmxpb2dyYXBoeTpwZGY6MjAwOC1CZW5ub3VuZS5wZGYADgAkABEAMgAwADAAOAAtAEIAZQBuAG4AbwB1AG4AZQAuAHAAZABmAA8ADAAFAE0AYQBjAEgARAASAD5Vc2Vycy9qb3NzZWxpbi9QdWJsaWMvbWlNYVMvYmlibGlvZ3JhcGh5L3BkZi8yMDA4LUJlbm5vdW5lLnBkZgATAAEvAAAVAAIAD///AAAACAANABoAJAA8AAAAAAAAAgEAAAAAAAAABQAAAAAAAAAAAAAAAAAAAaw=},
	Bdsk-Url-1 = {https://doi.org/10.1016/j.jcp.2007.11.032}}

@article{Qiu:2011,
	Author = {Jing-Mei Qiu and Chi-Wang Shu},
	Date-Added = {2018-12-03 11:37:45 +0000},
	Date-Modified = {2018-12-05 13:11:37 +0000},
	Doi = {10.1016/j.jcp.2010.04.037},
	Journal = {Journal of Computational Physics},
	Number = {4},
	Pages = {863-889},
	Title = {Conservative high order semi-Lagrangian finite difference WENO methods for advection in incompressible flow},
	Volume = {230},
	Year = {2011},
	Bdsk-File-1 = {YnBsaXN0MDDSAQIDBFxyZWxhdGl2ZVBhdGhZYWxpYXNEYXRhXxAQcGRmLzIwMTEtUWl1LnBkZk8RAVoAAAAAAVoAAgAABU1hY0hEAAAAAAAAAAAAAAAAAAAAAAAAAAAAAAAAAABCRAAB/////wwyMDExLVFpdS5wZGYAAAAAAAAAAAAAAAAAAAAAAAAAAAAAAAAAAAAAAAAAAAAAAAAAAAAAAAAAAAAAAAAAAAD/////AAAAAAAAAAAAAAAAAAEAAwAACiBjdQAAAAAAAAAAAAAAAAADcGRmAAACADsvOlVzZXJzOmpvc3NlbGluOlB1YmxpYzptaU1hUzpiaWJsaW9ncmFwaHk6cGRmOjIwMTEtUWl1LnBkZgAADgAaAAwAMgAwADEAMQAtAFEAaQB1AC4AcABkAGYADwAMAAUATQBhAGMASABEABIAOVVzZXJzL2pvc3NlbGluL1B1YmxpYy9taU1hUy9iaWJsaW9ncmFwaHkvcGRmLzIwMTEtUWl1LnBkZgAAEwABLwAAFQACAA///wAAAAgADQAaACQANwAAAAAAAAIBAAAAAAAAAAUAAAAAAAAAAAAAAAAAAAGV},
	Bdsk-Url-1 = {https://doi.org/10.1016/j.jcp.2010.04.037}}

@misc{Boyer:2014,
	Author = {Franck Boyer},
	Date-Added = {2018-12-03 11:35:53 +0000},
	Date-Modified = {2018-12-04 07:37:34 +0000},
	Institution = {Ais-Marseille Universit{\'e}},
	Title = {Aspects th{\'e}oriques et num{\'e}riques de l'{\'e}quation de transport},
	Year = {2014},
	Bdsk-File-1 = {YnBsaXN0MDDSAQIDBFxyZWxhdGl2ZVBhdGhZYWxpYXNEYXRhXxAScGRmLzIwMTQtQm95ZXIucGRmTxEBYgAAAAABYgACAAAFTWFjSEQAAAAAAAAAAAAAAAAAAAAAAAAAAAAAAAAAAEJEAAH/////DjIwMTQtQm95ZXIucGRmAAAAAAAAAAAAAAAAAAAAAAAAAAAAAAAAAAAAAAAAAAAAAAAAAAAAAAAAAAAAAAAAAP////8AAAAAAAAAAAAAAAAAAQADAAAKIGN1AAAAAAAAAAAAAAAAAANwZGYAAAIAPS86VXNlcnM6am9zc2VsaW46UHVibGljOm1pTWFTOmJpYmxpb2dyYXBoeTpwZGY6MjAxNC1Cb3llci5wZGYAAA4AHgAOADIAMAAxADQALQBCAG8AeQBlAHIALgBwAGQAZgAPAAwABQBNAGEAYwBIAEQAEgA7VXNlcnMvam9zc2VsaW4vUHVibGljL21pTWFTL2JpYmxpb2dyYXBoeS9wZGYvMjAxNC1Cb3llci5wZGYAABMAAS8AABUAAgAP//8AAAAIAA0AGgAkADkAAAAAAAACAQAAAAAAAAAFAAAAAAAAAAAAAAAAAAABnw==}}

@phdthesis{Crestetto:2012a,
	Author = {Ana{\"\i}s Crestetto},
	Date-Added = {2018-12-03 11:34:40 +0000},
	Date-Modified = {2018-12-04 07:37:14 +0000},
	School = {IRMA},
	Title = {Optimisation de m{\'e}thodes num{\'e}riques pour la physique des plasmas. Application aux faisceaux de particules charg{\'e}es},
	Year = {2012},
	Bdsk-File-1 = {YnBsaXN0MDDSAQIDBFxyZWxhdGl2ZVBhdGhZYWxpYXNEYXRhXxAZcGRmLzIwMTItQ3Jlc3RldHRvKGEpLnBkZk8RAXwAAAAAAXwAAgAABU1hY0hEAAAAAAAAAAAAAAAAAAAAAAAAAAAAAAAAAABCRAAB/////xUyMDEyLUNyZXN0ZXR0byhhKS5wZGYAAAAAAAAAAAAAAAAAAAAAAAAAAAAAAAAAAAAAAAAAAAAAAAAAAAAAAAD/////AAAAAAAAAAAAAAAAAAEAAwAACiBjdQAAAAAAAAAAAAAAAAADcGRmAAACAEQvOlVzZXJzOmpvc3NlbGluOlB1YmxpYzptaU1hUzpiaWJsaW9ncmFwaHk6cGRmOjIwMTItQ3Jlc3RldHRvKGEpLnBkZgAOACwAFQAyADAAMQAyAC0AQwByAGUAcwB0AGUAdAB0AG8AKABhACkALgBwAGQAZgAPAAwABQBNAGEAYwBIAEQAEgBCVXNlcnMvam9zc2VsaW4vUHVibGljL21pTWFTL2JpYmxpb2dyYXBoeS9wZGYvMjAxMi1DcmVzdGV0dG8oYSkucGRmABMAAS8AABUAAgAP//8AAAAIAA0AGgAkAEAAAAAAAAACAQAAAAAAAAAFAAAAAAAAAAAAAAAAAAABwA==}}

@article{Shu:2003,
	Author = {Chi-Wang Shu},
	Date-Added = {2018-12-03 11:31:47 +0000},
	Date-Modified = {2018-12-05 13:05:07 +0000},
	Doi = {10.1080/1061856031000104851},
	Journal = {International Journal of Computational Fluid Dynamics},
	Number = {2},
	Pages = {107-118},
	Title = {High Order Finite Difference and Finite Volume WENO Schemes and Discontinuous Galerkin Methods for CFD},
	Volume = {17},
	Year = {2003},
	Bdsk-File-1 = {YnBsaXN0MDDSAQIDBFxyZWxhdGl2ZVBhdGhZYWxpYXNEYXRhXxAQcGRmLzIwMDMtU2h1LnBkZk8RAVoAAAAAAVoAAgAABU1hY0hEAAAAAAAAAAAAAAAAAAAAAAAAAAAAAAAAAABCRAAB/////wwyMDAzLVNodS5wZGYAAAAAAAAAAAAAAAAAAAAAAAAAAAAAAAAAAAAAAAAAAAAAAAAAAAAAAAAAAAAAAAAAAAD/////AAAAAAAAAAAAAAAAAAEAAwAACiBjdQAAAAAAAAAAAAAAAAADcGRmAAACADsvOlVzZXJzOmpvc3NlbGluOlB1YmxpYzptaU1hUzpiaWJsaW9ncmFwaHk6cGRmOjIwMDMtU2h1LnBkZgAADgAaAAwAMgAwADAAMwAtAFMAaAB1AC4AcABkAGYADwAMAAUATQBhAGMASABEABIAOVVzZXJzL2pvc3NlbGluL1B1YmxpYy9taU1hUy9iaWJsaW9ncmFwaHkvcGRmLzIwMDMtU2h1LnBkZgAAEwABLwAAFQACAA///wAAAAgADQAaACQANwAAAAAAAAIBAAAAAAAAAAUAAAAAAAAAAAAAAAAAAAGV},
	Bdsk-Url-1 = {https://doi.org/10.1080/1061856031000104851}}

@article{Gottlieb:2006,
	Author = {Sigal Gottlieb and Julia S. Mullen and Steven J. Ruuth},
	Date-Added = {2018-12-03 11:30:09 +0000},
	Date-Modified = {2019-03-26 09:17:50 +0100},
	Doi = {10.1007/s10915-005-9034-z},
	Journal = {Journal of Scientific Computing},
	Keywords = {iweno},
	Title = {A Fifth Order Flux Implicit WENO Method},
	Volume = {27},
	Year = {2006},
	Bdsk-File-1 = {YnBsaXN0MDDSAQIDBFxyZWxhdGl2ZVBhdGhZYWxpYXNEYXRhXxAVcGRmLzIwMDYtR290dGxpZWIucGRmTxEBbAAAAAABbAACAAAFTWFjSEQAAAAAAAAAAAAAAAAAAAAAAAAAAAAAAAAAAEJEAAH/////ETIwMDYtR290dGxpZWIucGRmAAAAAAAAAAAAAAAAAAAAAAAAAAAAAAAAAAAAAAAAAAAAAAAAAAAAAAAAAAAAAP////8AAAAAAAAAAAAAAAAAAQADAAAKIGN1AAAAAAAAAAAAAAAAAANwZGYAAAIAQC86VXNlcnM6am9zc2VsaW46UHVibGljOm1pTWFTOmJpYmxpb2dyYXBoeTpwZGY6MjAwNi1Hb3R0bGllYi5wZGYADgAkABEAMgAwADAANgAtAEcAbwB0AHQAbABpAGUAYgAuAHAAZABmAA8ADAAFAE0AYQBjAEgARAASAD5Vc2Vycy9qb3NzZWxpbi9QdWJsaWMvbWlNYVMvYmlibGlvZ3JhcGh5L3BkZi8yMDA2LUdvdHRsaWViLnBkZgATAAEvAAAVAAIAD///AAAACAANABoAJAA8AAAAAAAAAgEAAAAAAAAABQAAAAAAAAAAAAAAAAAAAaw=},
	Bdsk-Url-1 = {https://doi.org/10.1007/s10915-005-9034-z}}

@article{Qiu:2008,
	Author = {Jing-Mei Qiu and Chi-Wang Shu and Ji-Ren Liu and Li-Zhi Fang},
	Date-Added = {2018-12-03 11:28:09 +0000},
	Date-Modified = {2018-12-05 13:08:26 +0000},
	Doi = {10.1016/j.newast.2007.06.002},
	Journal = {New Astronomy},
	Number = {1},
	Pages = {1-11},
	Title = {A WENO algorithm for the growth of ionized regions at the reionization epoch},
	Volume = {13},
	Year = {2008},
	Bdsk-File-1 = {YnBsaXN0MDDSAQIDBFxyZWxhdGl2ZVBhdGhZYWxpYXNEYXRhXxAQcGRmLzIwMDgtUWl1LnBkZk8RAVoAAAAAAVoAAgAABU1hY0hEAAAAAAAAAAAAAAAAAAAAAAAAAAAAAAAAAABCRAAB/////wwyMDA4LVFpdS5wZGYAAAAAAAAAAAAAAAAAAAAAAAAAAAAAAAAAAAAAAAAAAAAAAAAAAAAAAAAAAAAAAAAAAAD/////AAAAAAAAAAAAAAAAAAEAAwAACiBjdQAAAAAAAAAAAAAAAAADcGRmAAACADsvOlVzZXJzOmpvc3NlbGluOlB1YmxpYzptaU1hUzpiaWJsaW9ncmFwaHk6cGRmOjIwMDgtUWl1LnBkZgAADgAaAAwAMgAwADAAOAAtAFEAaQB1AC4AcABkAGYADwAMAAUATQBhAGMASABEABIAOVVzZXJzL2pvc3NlbGluL1B1YmxpYy9taU1hUy9iaWJsaW9ncmFwaHkvcGRmLzIwMDgtUWl1LnBkZgAAEwABLwAAFQACAA///wAAAAgADQAaACQANwAAAAAAAAIBAAAAAAAAAAUAAAAAAAAAAAAAAAAAAAGV},
	Bdsk-Url-1 = {https://doi.org/10.1016/j.newast.2007.06.002}}

@article{Filbet:2013,
	Author = {Francis Filbet and Thomas Rey},
	Date-Added = {2018-12-03 11:25:55 +0000},
	Date-Modified = {2018-12-05 13:15:27 +0000},
	Doi = {10.1016/j.jcp.2013.04.023},
	Journal = {Journal of Computational Physics},
	Pages = {177-199},
	Title = {A rescaling velocity method for dissipative kinetic equations. Applications to granular media},
	Volume = {248},
	Year = {2013},
	Bdsk-File-1 = {YnBsaXN0MDDSAQIDBFxyZWxhdGl2ZVBhdGhZYWxpYXNEYXRhXxATcGRmLzIwMTMtRmlsYmV0LnBkZk8RAWQAAAAAAWQAAgAABU1hY0hEAAAAAAAAAAAAAAAAAAAAAAAAAAAAAAAAAABCRAAB/////w8yMDEzLUZpbGJldC5wZGYAAAAAAAAAAAAAAAAAAAAAAAAAAAAAAAAAAAAAAAAAAAAAAAAAAAAAAAAAAAAAAAD/////AAAAAAAAAAAAAAAAAAEAAwAACiBjdQAAAAAAAAAAAAAAAAADcGRmAAACAD4vOlVzZXJzOmpvc3NlbGluOlB1YmxpYzptaU1hUzpiaWJsaW9ncmFwaHk6cGRmOjIwMTMtRmlsYmV0LnBkZgAOACAADwAyADAAMQAzAC0ARgBpAGwAYgBlAHQALgBwAGQAZgAPAAwABQBNAGEAYwBIAEQAEgA8VXNlcnMvam9zc2VsaW4vUHVibGljL21pTWFTL2JpYmxpb2dyYXBoeS9wZGYvMjAxMy1GaWxiZXQucGRmABMAAS8AABUAAgAP//8AAAAIAA0AGgAkADoAAAAAAAACAQAAAAAAAAAFAAAAAAAAAAAAAAAAAAABog==},
	Bdsk-Url-1 = {https://doi.org/10.1016/j.jcp.2013.04.023}}

@book{Villani:2001,
	Author = {C{\'e}dric Villani},
	Date-Added = {2018-12-03 11:21:58 +0000},
	Date-Modified = {2018-12-04 07:36:02 +0000},
	Publisher = {North-Holland},
	Title = {A review of mathematical topics in collisional kinetic theory},
	Year = {2001},
	Bdsk-File-1 = {YnBsaXN0MDDSAQIDBFxyZWxhdGl2ZVBhdGhZYWxpYXNEYXRhXxAUcGRmLzIwMDEtVmlsbGFuaS5wZGZPEQFqAAAAAAFqAAIAAAVNYWNIRAAAAAAAAAAAAAAAAAAAAAAAAAAAAAAAAAAAQkQAAf////8QMjAwMS1WaWxsYW5pLnBkZgAAAAAAAAAAAAAAAAAAAAAAAAAAAAAAAAAAAAAAAAAAAAAAAAAAAAAAAAAAAAAA/////wAAAAAAAAAAAAAAAAABAAMAAAogY3UAAAAAAAAAAAAAAAAAA3BkZgAAAgA/LzpVc2Vyczpqb3NzZWxpbjpQdWJsaWM6bWlNYVM6YmlibGlvZ3JhcGh5OnBkZjoyMDAxLVZpbGxhbmkucGRmAAAOACIAEAAyADAAMAAxAC0AVgBpAGwAbABhAG4AaQAuAHAAZABmAA8ADAAFAE0AYQBjAEgARAASAD1Vc2Vycy9qb3NzZWxpbi9QdWJsaWMvbWlNYVMvYmlibGlvZ3JhcGh5L3BkZi8yMDAxLVZpbGxhbmkucGRmAAATAAEvAAAVAAIAD///AAAACAANABoAJAA7AAAAAAAAAgEAAAAAAAAABQAAAAAAAAAAAAAAAAAAAak=}}

@techreport{Shu:1997,
	Author = {Chi-Wang Shu},
	Date-Added = {2018-12-03 11:17:48 +0000},
	Date-Modified = {2018-12-05 12:59:57 +0000},
	Doi = {10.1007/BFb0096355},
	Institution = {Brown University},
	Publisher = {Institute for Computer Applications in Science and Engineering (ICASE)},
	Title = {Essentially Non-Oscillatory and Weighted Essentially Non-Oscillatory Schemes for Hyperbolic Conservation Laws},
	Year = {1997},
	Bdsk-File-1 = {YnBsaXN0MDDSAQIDBFxyZWxhdGl2ZVBhdGhZYWxpYXNEYXRhXxAQcGRmLzE5OTctU2h1LnBkZk8RAVoAAAAAAVoAAgAABU1hY0hEAAAAAAAAAAAAAAAAAAAAAAAAAAAAAAAAAABCRAAB/////wwxOTk3LVNodS5wZGYAAAAAAAAAAAAAAAAAAAAAAAAAAAAAAAAAAAAAAAAAAAAAAAAAAAAAAAAAAAAAAAAAAAD/////AAAAAAAAAAAAAAAAAAEAAwAACiBjdQAAAAAAAAAAAAAAAAADcGRmAAACADsvOlVzZXJzOmpvc3NlbGluOlB1YmxpYzptaU1hUzpiaWJsaW9ncmFwaHk6cGRmOjE5OTctU2h1LnBkZgAADgAaAAwAMQA5ADkANwAtAFMAaAB1AC4AcABkAGYADwAMAAUATQBhAGMASABEABIAOVVzZXJzL2pvc3NlbGluL1B1YmxpYy9taU1hUy9iaWJsaW9ncmFwaHkvcGRmLzE5OTctU2h1LnBkZgAAEwABLwAAFQACAA///wAAAAgADQAaACQANwAAAAAAAAIBAAAAAAAAAAUAAAAAAAAAAAAAAAAAAAGV},
	Bdsk-Url-1 = {https://doi.org/10.1007/BFb0096355}}

@article{Banks:2010,
	Author = {J. W. Banks and J. A. F. Hittinger},
	Date-Added = {2018-12-03 11:14:34 +0000},
	Date-Modified = {2019-02-18 08:01:21 +0100},
	Doi = {10.1109/TPS.2010.2056937},
	Journal = {IEEE Transactions on Plasma Science},
	Keywords = {BWENO},
	Number = {9},
	Pages = {2198-2207},
	Title = {A New Class of Non-Linear, Finite-Volume Methods for Vlasov Simulation},
	Volume = {38},
	Year = {2010},
	Bdsk-File-1 = {YnBsaXN0MDDSAQIDBFxyZWxhdGl2ZVBhdGhZYWxpYXNEYXRhXxAScGRmLzIwMTAtQmFua3MucGRmTxEBYgAAAAABYgACAAAFTWFjSEQAAAAAAAAAAAAAAAAAAAAAAAAAAAAAAAAAAEJEAAH/////DjIwMTAtQmFua3MucGRmAAAAAAAAAAAAAAAAAAAAAAAAAAAAAAAAAAAAAAAAAAAAAAAAAAAAAAAAAAAAAAAAAP////8AAAAAAAAAAAAAAAAAAQADAAAKIGN1AAAAAAAAAAAAAAAAAANwZGYAAAIAPS86VXNlcnM6am9zc2VsaW46UHVibGljOm1pTWFTOmJpYmxpb2dyYXBoeTpwZGY6MjAxMC1CYW5rcy5wZGYAAA4AHgAOADIAMAAxADAALQBCAGEAbgBrAHMALgBwAGQAZgAPAAwABQBNAGEAYwBIAEQAEgA7VXNlcnMvam9zc2VsaW4vUHVibGljL21pTWFTL2JpYmxpb2dyYXBoeS9wZGYvMjAxMC1CYW5rcy5wZGYAABMAAS8AABUAAgAP//8AAAAIAA0AGgAkADkAAAAAAAACAQAAAAAAAAAFAAAAAAAAAAAAAAAAAAABnw==},
	Bdsk-Url-1 = {https://doi.org/10.1109/TPS.2010.2056937}}

@article{Kzasnicki:2017,
	Author = {Mateusz Kzasnicki},
	Date-Added = {2018-12-03 11:12:48 +0000},
	Date-Modified = {2018-12-05 13:22:11 +0000},
	Doi = {10.1515/fca-2017-0002},
	Journal = {Fractional Calculus & Applied Analysis},
	Number = {1},
	Title = {Ten equivalent definitions of the fractional Laplace operator},
	Volume = {20},
	Year = {2017},
	Bdsk-File-1 = {YnBsaXN0MDDSAQIDBFxyZWxhdGl2ZVBhdGhZYWxpYXNEYXRhXxAWcGRmLzIwMTctS3phc25pY2tpLnBkZk8RAXIAAAAAAXIAAgAABU1hY0hEAAAAAAAAAAAAAAAAAAAAAAAAAAAAAAAAAABCRAAB/////xIyMDE3LUt6YXNuaWNraS5wZGYAAAAAAAAAAAAAAAAAAAAAAAAAAAAAAAAAAAAAAAAAAAAAAAAAAAAAAAAAAAD/////AAAAAAAAAAAAAAAAAAEAAwAACiBjdQAAAAAAAAAAAAAAAAADcGRmAAACAEEvOlVzZXJzOmpvc3NlbGluOlB1YmxpYzptaU1hUzpiaWJsaW9ncmFwaHk6cGRmOjIwMTctS3phc25pY2tpLnBkZgAADgAmABIAMgAwADEANwAtAEsAegBhAHMAbgBpAGMAawBpAC4AcABkAGYADwAMAAUATQBhAGMASABEABIAP1VzZXJzL2pvc3NlbGluL1B1YmxpYy9taU1hUy9iaWJsaW9ncmFwaHkvcGRmLzIwMTctS3phc25pY2tpLnBkZgAAEwABLwAAFQACAA///wAAAAgADQAaACQAPQAAAAAAAAIBAAAAAAAAAAUAAAAAAAAAAAAAAAAAAAGz},
	Bdsk-Url-1 = {https://doi.org/10.1515/fca-2017-0002}}

@article{Li:2016,
	Author = {Gang Li and Yulong Xing},
	Date-Added = {2018-12-03 11:11:31 +0000},
	Date-Modified = {2018-12-05 13:20:53 +0000},
	Doi = {10.1016/j.jcp.2016.04.015},
	Journal = {Journal of Computational Physics},
	Pages = {145-163},
	Title = {High order finite volume WENO schemes for Euler equations under gravitational fields},
	Volume = {316},
	Year = {2016},
	Bdsk-File-1 = {YnBsaXN0MDDSAQIDBFxyZWxhdGl2ZVBhdGhZYWxpYXNEYXRhXxAPcGRmLzIwMTYtTGkucGRmTxEBVAAAAAABVAACAAAFTWFjSEQAAAAAAAAAAAAAAAAAAAAAAAAAAAAAAAAAAEJEAAH/////CzIwMTYtTGkucGRmAAAAAAAAAAAAAAAAAAAAAAAAAAAAAAAAAAAAAAAAAAAAAAAAAAAAAAAAAAAAAAAAAAAAAP////8AAAAAAAAAAAAAAAAAAQADAAAKIGN1AAAAAAAAAAAAAAAAAANwZGYAAAIAOi86VXNlcnM6am9zc2VsaW46UHVibGljOm1pTWFTOmJpYmxpb2dyYXBoeTpwZGY6MjAxNi1MaS5wZGYADgAYAAsAMgAwADEANgAtAEwAaQAuAHAAZABmAA8ADAAFAE0AYQBjAEgARAASADhVc2Vycy9qb3NzZWxpbi9QdWJsaWMvbWlNYVMvYmlibGlvZ3JhcGh5L3BkZi8yMDE2LUxpLnBkZgATAAEvAAAVAAIAD///AAAACAANABoAJAA2AAAAAAAAAgEAAAAAAAAABQAAAAAAAAAAAAAAAAAAAY4=},
	Bdsk-Url-1 = {https://doi.org/10.1016/j.jcp.2016.04.015}}

@article{Jiang:1996,
	Author = {Guang-Shan Jiang and Chi-Wang Shu},
	Date-Added = {2018-12-03 11:10:13 +0000},
	Date-Modified = {2019-04-11 09:59:17 +0200},
	Doi = {10.1006/jcph.1996.0130},
	Journal = {Journal of Computational Physics},
	Keywords = {WENO, WENO-JS},
	Pages = {202-228},
	Title = {Efficient Implementation of Weighted ENO Schemes},
	Volume = {126},
	Year = {1996},
	Bdsk-File-1 = {YnBsaXN0MDDSAQIDBFxyZWxhdGl2ZVBhdGhZYWxpYXNEYXRhXxAScGRmLzE5OTYtSmlhbmcucGRmTxEBYgAAAAABYgACAAAFTWFjSEQAAAAAAAAAAAAAAAAAAAAAAAAAAAAAAAAAAEJEAAH/////DjE5OTYtSmlhbmcucGRmAAAAAAAAAAAAAAAAAAAAAAAAAAAAAAAAAAAAAAAAAAAAAAAAAAAAAAAAAAAAAAAAAP////8AAAAAAAAAAAAAAAAAAQADAAAKIGN1AAAAAAAAAAAAAAAAAANwZGYAAAIAPS86VXNlcnM6am9zc2VsaW46UHVibGljOm1pTWFTOmJpYmxpb2dyYXBoeTpwZGY6MTk5Ni1KaWFuZy5wZGYAAA4AHgAOADEAOQA5ADYALQBKAGkAYQBuAGcALgBwAGQAZgAPAAwABQBNAGEAYwBIAEQAEgA7VXNlcnMvam9zc2VsaW4vUHVibGljL21pTWFTL2JpYmxpb2dyYXBoeS9wZGYvMTk5Ni1KaWFuZy5wZGYAABMAAS8AABUAAgAP//8AAAAIAA0AGgAkADkAAAAAAAACAQAAAAAAAAAFAAAAAAAAAAAAAAAAAAABnw==},
	Bdsk-Url-1 = {https://doi.org/10.1006/jcph.1996.0130}}

@article{Dimarco:2013,
	Author = {Giacomo Dimarco and Lorenzo Pareschi},
	Date-Added = {2018-12-03 11:06:30 +0000},
	Date-Modified = {2018-12-05 13:14:28 +0000},
	Doi = {10.1137/12087606X},
	Journal = {Journal on Numerical Analysis},
	Title = {Asymptotic preserving implicit-explicit Runge-Kutta methods for non linear kinetic equations},
	Year = {2013},
	Bdsk-File-1 = {YnBsaXN0MDDSAQIDBFxyZWxhdGl2ZVBhdGhZYWxpYXNEYXRhXxAUcGRmLzIwMTMtRGltYXJjby5wZGZPEQFqAAAAAAFqAAIAAAVNYWNIRAAAAAAAAAAAAAAAAAAAAAAAAAAAAAAAAAAAQkQAAf////8QMjAxMy1EaW1hcmNvLnBkZgAAAAAAAAAAAAAAAAAAAAAAAAAAAAAAAAAAAAAAAAAAAAAAAAAAAAAAAAAAAAAA/////wAAAAAAAAAAAAAAAAABAAMAAAogY3UAAAAAAAAAAAAAAAAAA3BkZgAAAgA/LzpVc2Vyczpqb3NzZWxpbjpQdWJsaWM6bWlNYVM6YmlibGlvZ3JhcGh5OnBkZjoyMDEzLURpbWFyY28ucGRmAAAOACIAEAAyADAAMQAzAC0ARABpAG0AYQByAGMAbwAuAHAAZABmAA8ADAAFAE0AYQBjAEgARAASAD1Vc2Vycy9qb3NzZWxpbi9QdWJsaWMvbWlNYVMvYmlibGlvZ3JhcGh5L3BkZi8yMDEzLURpbWFyY28ucGRmAAATAAEvAAAVAAIAD///AAAACAANABoAJAA7AAAAAAAAAgEAAAAAAAAABQAAAAAAAAAAAAAAAAAAAak=},
	Bdsk-Url-1 = {https://doi.org/10.1137/12087606X}}

@article{Wu:2011,
	Author = {Weiming Wu and Alejandro S{\'a}nchez and Mingliang Zhang},
	Date-Added = {2018-12-03 11:04:30 +0000},
	Date-Modified = {2018-12-05 13:12:09 +0000},
	Doi = {10.2112/SI59-003.1},
	Journal = {Journal of Coastral Research},
	Title = {An Implicit 2-D Shallow Water Flow Model on Unstructured Quadtree Rectangular Mesh},
	Year = {2011},
	Bdsk-File-1 = {YnBsaXN0MDDSAQIDBFxyZWxhdGl2ZVBhdGhZYWxpYXNEYXRhXxAPcGRmLzIwMTEtV3UucGRmTxEBVAAAAAABVAACAAAFTWFjSEQAAAAAAAAAAAAAAAAAAAAAAAAAAAAAAAAAAEJEAAH/////CzIwMTEtV3UucGRmAAAAAAAAAAAAAAAAAAAAAAAAAAAAAAAAAAAAAAAAAAAAAAAAAAAAAAAAAAAAAAAAAAAAAP////8AAAAAAAAAAAAAAAAAAQADAAAKIGN1AAAAAAAAAAAAAAAAAANwZGYAAAIAOi86VXNlcnM6am9zc2VsaW46UHVibGljOm1pTWFTOmJpYmxpb2dyYXBoeTpwZGY6MjAxMS1XdS5wZGYADgAYAAsAMgAwADEAMQAtAFcAdQAuAHAAZABmAA8ADAAFAE0AYQBjAEgARAASADhVc2Vycy9qb3NzZWxpbi9QdWJsaWMvbWlNYVMvYmlibGlvZ3JhcGh5L3BkZi8yMDExLVd1LnBkZgATAAEvAAAVAAIAD///AAAACAANABoAJAA2AAAAAAAAAgEAAAAAAAAABQAAAAAAAAAAAAAAAAAAAY4=},
	Bdsk-Url-1 = {https://doi.org/10.2112/SI59-003.1}}

@article{Dimarco:2011,
	Author = {Giacomo Dimarco and Lorenzo Pareschi},
	Date-Added = {2018-12-03 10:45:39 +0000},
	Date-Modified = {2018-12-05 13:10:43 +0000},
	Doi = {10.1137/100811052},
	Journal = {Journal on Numerical Analysis},
	Title = {Exponential Runge-Kutta methods for stiff kinetic equations},
	Year = {2011},
	Bdsk-File-1 = {YnBsaXN0MDDSAQIDBFxyZWxhdGl2ZVBhdGhZYWxpYXNEYXRhXxAUcGRmLzIwMTEtRGltYXJjby5wZGZPEQFqAAAAAAFqAAIAAAVNYWNIRAAAAAAAAAAAAAAAAAAAAAAAAAAAAAAAAAAAQkQAAf////8QMjAxMS1EaW1hcmNvLnBkZgAAAAAAAAAAAAAAAAAAAAAAAAAAAAAAAAAAAAAAAAAAAAAAAAAAAAAAAAAAAAAA/////wAAAAAAAAAAAAAAAAABAAMAAAogY3UAAAAAAAAAAAAAAAAAA3BkZgAAAgA/LzpVc2Vyczpqb3NzZWxpbjpQdWJsaWM6bWlNYVM6YmlibGlvZ3JhcGh5OnBkZjoyMDExLURpbWFyY28ucGRmAAAOACIAEAAyADAAMQAxAC0ARABpAG0AYQByAGMAbwAuAHAAZABmAA8ADAAFAE0AYQBjAEgARAASAD1Vc2Vycy9qb3NzZWxpbi9QdWJsaWMvbWlNYVMvYmlibGlvZ3JhcGh5L3BkZi8yMDExLURpbWFyY28ucGRmAAATAAEvAAAVAAIAD///AAAACAANABoAJAA7AAAAAAAAAgEAAAAAAAAABQAAAAAAAAAAAAAAAAAAAak=},
	Bdsk-Url-1 = {https://doi.org/10.1137/100811052}}

@article{McCorquodale:2011,
	Author = {Peter McCorquodale and Phillip Colella},
	Date-Added = {2018-12-03 10:44:03 +0000},
	Date-Modified = {2018-12-05 13:11:07 +0000},
	Doi = {10.2140/camcos.2011.6.1},
	Journal = {Communications in Applied Mathematics and Computational Science},
	Number = {1},
	Title = {A high-order finite-volume method for hyperbolic conservation laws on locally-refined grids},
	Volume = {6},
	Year = {2011},
	Bdsk-File-1 = {YnBsaXN0MDDSAQIDBFxyZWxhdGl2ZVBhdGhZYWxpYXNEYXRhXxAZcGRmLzIwMTEtTWNDb3JxdW9kYWxlLnBkZk8RAXwAAAAAAXwAAgAABU1hY0hEAAAAAAAAAAAAAAAAAAAAAAAAAAAAAAAAAABCRAAB/////xUyMDExLU1jQ29ycXVvZGFsZS5wZGYAAAAAAAAAAAAAAAAAAAAAAAAAAAAAAAAAAAAAAAAAAAAAAAAAAAAAAAD/////AAAAAAAAAAAAAAAAAAEAAwAACiBjdQAAAAAAAAAAAAAAAAADcGRmAAACAEQvOlVzZXJzOmpvc3NlbGluOlB1YmxpYzptaU1hUzpiaWJsaW9ncmFwaHk6cGRmOjIwMTEtTWNDb3JxdW9kYWxlLnBkZgAOACwAFQAyADAAMQAxAC0ATQBjAEMAbwByAHEAdQBvAGQAYQBsAGUALgBwAGQAZgAPAAwABQBNAGEAYwBIAEQAEgBCVXNlcnMvam9zc2VsaW4vUHVibGljL21pTWFTL2JpYmxpb2dyYXBoeS9wZGYvMjAxMS1NY0NvcnF1b2RhbGUucGRmABMAAS8AABUAAgAP//8AAAAIAA0AGgAkAEAAAAAAAAACAQAAAAAAAAAFAAAAAAAAAAAAAAAAAAABwA==},
	Bdsk-Url-1 = {https://doi.org/10.2140/camcos.2011.6.1}}

@article{Crestetto:2018,
	Author = {Ana{\"\i}s Crestetto and Nicolas Crouseilles and Mohammed Lemou},
	Date-Added = {2018-12-03 10:40:28 +0000},
	Date-Modified = {2018-12-04 07:37:51 +0000},
	Journal = {Communications in Mathematical Sciences},
	Title = {A particle micro-macro decomposition based numercial scheme for collisional kinetic equations in the diffusion scaling},
	Year = {2018},
	Bdsk-File-1 = {YnBsaXN0MDDSAQIDBFxyZWxhdGl2ZVBhdGhZYWxpYXNEYXRhXxAWcGRmLzIwMTgtQ3Jlc3RldHRvLnBkZk8RAXIAAAAAAXIAAgAABU1hY0hEAAAAAAAAAAAAAAAAAAAAAAAAAAAAAAAAAABCRAAB/////xIyMDE4LUNyZXN0ZXR0by5wZGYAAAAAAAAAAAAAAAAAAAAAAAAAAAAAAAAAAAAAAAAAAAAAAAAAAAAAAAAAAAD/////AAAAAAAAAAAAAAAAAAEAAwAACiBjdQAAAAAAAAAAAAAAAAADcGRmAAACAEEvOlVzZXJzOmpvc3NlbGluOlB1YmxpYzptaU1hUzpiaWJsaW9ncmFwaHk6cGRmOjIwMTgtQ3Jlc3RldHRvLnBkZgAADgAmABIAMgAwADEAOAAtAEMAcgBlAHMAdABlAHQAdABvAC4AcABkAGYADwAMAAUATQBhAGMASABEABIAP1VzZXJzL2pvc3NlbGluL1B1YmxpYy9taU1hUy9iaWJsaW9ncmFwaHkvcGRmLzIwMTgtQ3Jlc3RldHRvLnBkZgAAEwABLwAAFQACAA///wAAAAgADQAaACQAPQAAAAAAAAIBAAAAAAAAAAUAAAAAAAAAAAAAAAAAAAGz}}

@article{Crestetto:2012b,
	Author = {Ana{\"\i}s Crestetto and Nicolas Crouseilles and Mohammed Lemou},
	Date-Added = {2018-12-03 07:26:36 +0000},
	Date-Modified = {2018-12-05 13:13:21 +0000},
	Doi = {10.3934/krm.2012.5.787},
	Journal = {Kinetic and Related Models},
	Keywords = {Vlasov equation ; BGK equation ; Euler equation ; Chapman-Enskog expansion ; asymptotic preserving schemes ; micro-macro decomposition ; particles method},
	Number = {4},
	Pages = {787-816},
	Title = {Kinetic/Fluid Micro-Macro Numerical Schemes for Vlasov-Poisson-BGK Equation Using Particles},
	Volume = {5},
	Year = {2012},
	Bdsk-File-1 = {YnBsaXN0MDDSAQIDBFxyZWxhdGl2ZVBhdGhZYWxpYXNEYXRhXxAZcGRmLzIwMTItQ3Jlc3RldHRvKGIpLnBkZk8RAXwAAAAAAXwAAgAABU1hY0hEAAAAAAAAAAAAAAAAAAAAAAAAAAAAAAAAAABCRAAB/////xUyMDEyLUNyZXN0ZXR0byhiKS5wZGYAAAAAAAAAAAAAAAAAAAAAAAAAAAAAAAAAAAAAAAAAAAAAAAAAAAAAAAD/////AAAAAAAAAAAAAAAAAAEAAwAACiBjdQAAAAAAAAAAAAAAAAADcGRmAAACAEQvOlVzZXJzOmpvc3NlbGluOlB1YmxpYzptaU1hUzpiaWJsaW9ncmFwaHk6cGRmOjIwMTItQ3Jlc3RldHRvKGIpLnBkZgAOACwAFQAyADAAMQAyAC0AQwByAGUAcwB0AGUAdAB0AG8AKABiACkALgBwAGQAZgAPAAwABQBNAGEAYwBIAEQAEgBCVXNlcnMvam9zc2VsaW4vUHVibGljL21pTWFTL2JpYmxpb2dyYXBoeS9wZGYvMjAxMi1DcmVzdGV0dG8oYikucGRmABMAAS8AABUAAgAP//8AAAAIAA0AGgAkAEAAAAAAAAACAQAAAAAAAAAFAAAAAAAAAAAAAAAAAAABwA==},
	Bdsk-Url-1 = {https://doi.org/10.3934/krm.2012.5.787}}

@article{Goldberg:1991,
	Author = {David Goldberg},
	Date-Added = {2018-12-03 07:24:50 +0000},
	Date-Modified = {2018-12-04 07:35:42 +0000},
	Doi = {10.1145/103162.103163},
	Journal = {ACM Computing Surveys},
	Keywords = {IEEE754},
	Number = {1},
	Pages = {5-48},
	Title = {What Every Computer Scientist Should Know About Floating-Point Arithmetic},
	Volume = {23},
	Year = {1991},
	Bdsk-File-1 = {YnBsaXN0MDDSAQIDBFxyZWxhdGl2ZVBhdGhZYWxpYXNEYXRhXxAVcGRmLzE5OTEtR29sZGJlcmcucGRmTxEBbAAAAAABbAACAAAFTWFjSEQAAAAAAAAAAAAAAAAAAAAAAAAAAAAAAAAAAEJEAAH/////ETE5OTEtR29sZGJlcmcucGRmAAAAAAAAAAAAAAAAAAAAAAAAAAAAAAAAAAAAAAAAAAAAAAAAAAAAAAAAAAAAAP////8AAAAAAAAAAAAAAAAAAQADAAAKIGN1AAAAAAAAAAAAAAAAAANwZGYAAAIAQC86VXNlcnM6am9zc2VsaW46UHVibGljOm1pTWFTOmJpYmxpb2dyYXBoeTpwZGY6MTk5MS1Hb2xkYmVyZy5wZGYADgAkABEAMQA5ADkAMQAtAEcAbwBsAGQAYgBlAHIAZwAuAHAAZABmAA8ADAAFAE0AYQBjAEgARAASAD5Vc2Vycy9qb3NzZWxpbi9QdWJsaWMvbWlNYVMvYmlibGlvZ3JhcGh5L3BkZi8xOTkxLUdvbGRiZXJnLnBkZgATAAEvAAAVAAIAD///AAAACAANABoAJAA8AAAAAAAAAgEAAAAAAAAABQAAAAAAAAAAAAAAAAAAAaw=},
	Bdsk-Url-1 = {https://doi.org/10.1145/103162.103163}}

@phdthesis{Jund:2007,
	Author = {S{\'e}bastien Jund},
	Date-Added = {2018-12-03 07:22:14 +0000},
	Date-Modified = {2018-12-04 07:36:19 +0000},
	School = {IRMA},
	Title = {M{\'e}thodes d'{\'e}l{\'e}ments finis d'ordre {\'e}lev{\'e} pour la simulation num{\'e}rique de la propagation d'ondes},
	Year = {2007},
	Bdsk-File-1 = {YnBsaXN0MDDSAQIDBFxyZWxhdGl2ZVBhdGhZYWxpYXNEYXRhXxARcGRmLzIwMDctSnVuZC5wZGZPEQFcAAAAAAFcAAIAAAVNYWNIRAAAAAAAAAAAAAAAAAAAAAAAAAAAAAAAAAAAQkQAAf////8NMjAwNy1KdW5kLnBkZgAAAAAAAAAAAAAAAAAAAAAAAAAAAAAAAAAAAAAAAAAAAAAAAAAAAAAAAAAAAAAAAAAA/////wAAAAAAAAAAAAAAAAABAAMAAAogY3UAAAAAAAAAAAAAAAAAA3BkZgAAAgA8LzpVc2Vyczpqb3NzZWxpbjpQdWJsaWM6bWlNYVM6YmlibGlvZ3JhcGh5OnBkZjoyMDA3LUp1bmQucGRmAA4AHAANADIAMAAwADcALQBKAHUAbgBkAC4AcABkAGYADwAMAAUATQBhAGMASABEABIAOlVzZXJzL2pvc3NlbGluL1B1YmxpYy9taU1hUy9iaWJsaW9ncmFwaHkvcGRmLzIwMDctSnVuZC5wZGYAEwABLwAAFQACAA///wAAAAgADQAaACQAOAAAAAAAAAIBAAAAAAAAAAUAAAAAAAAAAAAAAAAAAAGY}}

@book{LeVeque:2004,
	Author = {Randall J. LeVeque},
	Date-Added = {2018-12-03 07:18:30 +0000},
	Date-Modified = {2018-12-04 07:36:12 +0000},
	Isbn = {9780521009249},
	Publisher = {Cambridge University Press},
	Title = {Finite-Volume Methods for Hyperbolic Problems},
	Year = {2004},
	Bdsk-File-1 = {YnBsaXN0MDDSAQIDBFxyZWxhdGl2ZVBhdGhZYWxpYXNEYXRhXxAUcGRmLzIwMDQtTGVWZXF1ZS5wZGZPEQFqAAAAAAFqAAIAAAVNYWNIRAAAAAAAAAAAAAAAAAAAAAAAAAAAAAAAAAAAQkQAAf////8QMjAwNC1MZVZlcXVlLnBkZgAAAAAAAAAAAAAAAAAAAAAAAAAAAAAAAAAAAAAAAAAAAAAAAAAAAAAAAAAAAAAA/////wAAAAAAAAAAAAAAAAABAAMAAAogY3UAAAAAAAAAAAAAAAAAA3BkZgAAAgA/LzpVc2Vyczpqb3NzZWxpbjpQdWJsaWM6bWlNYVM6YmlibGlvZ3JhcGh5OnBkZjoyMDA0LUxlVmVxdWUucGRmAAAOACIAEAAyADAAMAA0AC0ATABlAFYAZQBxAHUAZQAuAHAAZABmAA8ADAAFAE0AYQBjAEgARAASAD1Vc2Vycy9qb3NzZWxpbi9QdWJsaWMvbWlNYVMvYmlibGlvZ3JhcGh5L3BkZi8yMDA0LUxlVmVxdWUucGRmAAATAAEvAAAVAAIAD///AAAACAANABoAJAA7AAAAAAAAAgEAAAAAAAAABQAAAAAAAAAAAAAAAAAAAak=}}

@book{LeVeque:2007,
	Annote = {BU : 515.35 LEV FIN  Y23554 ({\'e}tage)},
	Author = {Randall J. LeVeque},
	Date-Added = {2018-12-03 07:12:25 +0000},
	Date-Modified = {2018-12-04 07:36:22 +0000},
	Isbn = {9780898716290},
	Publisher = {SIAM},
	Title = {Finite Difference Methods for Ordinary and Partial Differential Equations},
	Year = {2007},
	Bdsk-File-1 = {YnBsaXN0MDDSAQIDBFxyZWxhdGl2ZVBhdGhZYWxpYXNEYXRhXxAUcGRmLzIwMDctTGVWZXF1ZS5wZGZPEQFqAAAAAAFqAAIAAAVNYWNIRAAAAAAAAAAAAAAAAAAAAAAAAAAAAAAAAAAAQkQAAf////8QMjAwNy1MZVZlcXVlLnBkZgAAAAAAAAAAAAAAAAAAAAAAAAAAAAAAAAAAAAAAAAAAAAAAAAAAAAAAAAAAAAAA/////wAAAAAAAAAAAAAAAAABAAMAAAogY3UAAAAAAAAAAAAAAAAAA3BkZgAAAgA/LzpVc2Vyczpqb3NzZWxpbjpQdWJsaWM6bWlNYVM6YmlibGlvZ3JhcGh5OnBkZjoyMDA3LUxlVmVxdWUucGRmAAAOACIAEAAyADAAMAA3AC0ATABlAFYAZQBxAHUAZQAuAHAAZABmAA8ADAAFAE0AYQBjAEgARAASAD1Vc2Vycy9qb3NzZWxpbi9QdWJsaWMvbWlNYVMvYmlibGlvZ3JhcGh5L3BkZi8yMDA3LUxlVmVxdWUucGRmAAATAAEvAAAVAAIAD///AAAACAANABoAJAA7AAAAAAAAAgEAAAAAAAAABQAAAAAAAAAAAAAAAAAAAak=}}

@article{Luther:1968,
	Author = {H. A. Luther},
	Date-Added = {2018-12-03 07:08:56 +0000},
	Date-Modified = {2018-12-04 07:35:14 +0000},
	Doi = {10.2307/2004675},
	Journal = {Mathematics of Computation},
	Keywords = {RK ; RK6},
	Number = {102},
	Title = {An Explicit Sixth-Order Runge-Kutta Formula},
	Volume = {22},
	Year = {1968},
	Bdsk-File-1 = {YnBsaXN0MDDSAQIDBFxyZWxhdGl2ZVBhdGhZYWxpYXNEYXRhXxATcGRmLzE5NjgtTHV0aGVyLnBkZk8RAWQAAAAAAWQAAgAABU1hY0hEAAAAAAAAAAAAAAAAAAAAAAAAAAAAAAAAAABCRAAB/////w8xOTY4LUx1dGhlci5wZGYAAAAAAAAAAAAAAAAAAAAAAAAAAAAAAAAAAAAAAAAAAAAAAAAAAAAAAAAAAAAAAAD/////AAAAAAAAAAAAAAAAAAEAAwAACiBjdQAAAAAAAAAAAAAAAAADcGRmAAACAD4vOlVzZXJzOmpvc3NlbGluOlB1YmxpYzptaU1hUzpiaWJsaW9ncmFwaHk6cGRmOjE5NjgtTHV0aGVyLnBkZgAOACAADwAxADkANgA4AC0ATAB1AHQAaABlAHIALgBwAGQAZgAPAAwABQBNAGEAYwBIAEQAEgA8VXNlcnMvam9zc2VsaW4vUHVibGljL21pTWFTL2JpYmxpb2dyYXBoeS9wZGYvMTk2OC1MdXRoZXIucGRmABMAAS8AABUAAgAP//8AAAAIAA0AGgAkADoAAAAAAAACAQAAAAAAAAAFAAAAAAAAAAAAAAAAAAABog==},
	Bdsk-Url-1 = {https://doi.org/10.2307/2004675}}

@misc{Eberly:2003,
	Author = {David Eberly},
	Date-Added = {2018-12-03 07:07:12 +0000},
	Date-Modified = {2018-12-04 07:36:06 +0000},
	Keywords = {sability},
	Title = {Stability Analysis for Systems of Differential Equations},
	Year = {2003},
	Bdsk-File-1 = {YnBsaXN0MDDSAQIDBFxyZWxhdGl2ZVBhdGhZYWxpYXNEYXRhXxATcGRmLzIwMDMtRWJlcmx5LnBkZk8RAWQAAAAAAWQAAgAABU1hY0hEAAAAAAAAAAAAAAAAAAAAAAAAAAAAAAAAAABCRAAB/////w8yMDAzLUViZXJseS5wZGYAAAAAAAAAAAAAAAAAAAAAAAAAAAAAAAAAAAAAAAAAAAAAAAAAAAAAAAAAAAAAAAD/////AAAAAAAAAAAAAAAAAAEAAwAACiBjdQAAAAAAAAAAAAAAAAADcGRmAAACAD4vOlVzZXJzOmpvc3NlbGluOlB1YmxpYzptaU1hUzpiaWJsaW9ncmFwaHk6cGRmOjIwMDMtRWJlcmx5LnBkZgAOACAADwAyADAAMAAzAC0ARQBiAGUAcgBsAHkALgBwAGQAZgAPAAwABQBNAGEAYwBIAEQAEgA8VXNlcnMvam9zc2VsaW4vUHVibGljL21pTWFTL2JpYmxpb2dyYXBoeS9wZGYvMjAwMy1FYmVybHkucGRmABMAAS8AABUAAgAP//8AAAAIAA0AGgAkADoAAAAAAAACAQAAAAAAAAAFAAAAAAAAAAAAAAAAAAABog==}}

@misc{Shu:2001,
	Annote = {Coefficients pour RK3 (p9)},
	Author = {Chi-Wang Shu},
	Date-Added = {2018-12-03 07:00:33 +0000},
	Date-Modified = {2018-12-04 07:35:57 +0000},
	Keywords = {RK},
	Title = {A Survey of Strong Stability Preserving High Order Time Discretizations},
	Year = {2001},
	Bdsk-File-1 = {YnBsaXN0MDDSAQIDBFxyZWxhdGl2ZVBhdGhZYWxpYXNEYXRhXxAQcGRmLzIwMDEtU2h1LnBkZk8RAVoAAAAAAVoAAgAABU1hY0hEAAAAAAAAAAAAAAAAAAAAAAAAAAAAAAAAAABCRAAB/////wwyMDAxLVNodS5wZGYAAAAAAAAAAAAAAAAAAAAAAAAAAAAAAAAAAAAAAAAAAAAAAAAAAAAAAAAAAAAAAAAAAAD/////AAAAAAAAAAAAAAAAAAEAAwAACiBjdQAAAAAAAAAAAAAAAAADcGRmAAACADsvOlVzZXJzOmpvc3NlbGluOlB1YmxpYzptaU1hUzpiaWJsaW9ncmFwaHk6cGRmOjIwMDEtU2h1LnBkZgAADgAaAAwAMgAwADAAMQAtAFMAaAB1AC4AcABkAGYADwAMAAUATQBhAGMASABEABIAOVVzZXJzL2pvc3NlbGluL1B1YmxpYy9taU1hUy9iaWJsaW9ncmFwaHkvcGRmLzIwMDEtU2h1LnBkZgAAEwABLwAAFQACAA///wAAAAgADQAaACQANwAAAAAAAAIBAAAAAAAAAAUAAAAAAAAAAAAAAAAAAAGV}}
