%% This BibTeX bibliography file was created using BibDesk.
%% https://bibdesk.sourceforge.io/

%% Created for Josselin Massot at 2020-10-06 20:42:43 +0200 


%% Saved with string encoding Unicode (UTF-8) 



@book{Gottlieb:2011,
	Author = {Sigal Gottlieb and David Ketcheson and Chi-Wang Shu},
	Date-Added = {2020-10-06 20:19:25 +0200},
	Date-Modified = {2020-10-06 20:21:21 +0200},
	Doi = {10.1142/7498},
	Publisher = {World Scientific},
	Title = {Strong stability preserving Runge-Kutta and multistep time discretizations},
	Year = {2011},
	Bdsk-File-1 = {YnBsaXN0MDDSAQIDBFxyZWxhdGl2ZVBhdGhZYWxpYXNEYXRhXxAVcGRmLzIwMTEtR290dGxpZWIucGRmTxEBbAAAAAABbAACAAAFTWFjSEQAAAAAAAAAAAAAAAAAAAAAAAAAAAAAAAAAAEJEAAH/////ETIwMTEtR290dGxpZWIucGRmAAAAAAAAAAAAAAAAAAAAAAAAAAAAAAAAAAAAAAAAAAAAAAAAAAAAAAAAAAAAAP////8AAAAAAAAAAAAAAAAAAQADAAAKIGN1AAAAAAAAAAAAAAAAAANwZGYAAAIAQC86VXNlcnM6am9zc2VsaW46UHVibGljOmRyYWZ0OmJpYmxpb2dyYXBoeTpwZGY6MjAxMS1Hb3R0bGllYi5wZGYADgAkABEAMgAwADEAMQAtAEcAbwB0AHQAbABpAGUAYgAuAHAAZABmAA8ADAAFAE0AYQBjAEgARAASAD5Vc2Vycy9qb3NzZWxpbi9QdWJsaWMvZHJhZnQvYmlibGlvZ3JhcGh5L3BkZi8yMDExLUdvdHRsaWViLnBkZgATAAEvAAAVAAIAD///AAAACAANABoAJAA8AAAAAAAAAgEAAAAAAAAABQAAAAAAAAAAAAAAAAAAAaw=}}

@book{Hairer:2006,
	Address = {Berlin New York},
	Author = {Hairer, E},
	Date-Added = {2020-05-27 11:42:14 +0200},
	Date-Modified = {2020-05-27 11:42:14 +0200},
	Isbn = {978-3-540-30663-4},
	Publisher = {Springer},
	Title = {Geometric numerical integration : structure-preserving algorithms for ordinary differential equations},
	Year = {2006}}

@article{Charles:2013,
	Author = {Charles, Fr{\'e}d{\'e}rique and Despr{\'e}s, Bruno and Mehrenberger, Michel},
	Date-Added = {2020-05-27 11:33:30 +0200},
	Date-Modified = {2020-05-27 11:33:30 +0200},
	Doi = {10.1137/110851511},
	Journal = {SIAM Journal on Numerical Analysis},
	Number = {2},
	Pages = {840-863},
	Title = {Enhanced Convergence Estimates for Semi-Lagrangian Schemes Application to the Vlasov--Poisson Equation},
	Url = {https://doi.org/10.1137/110851511},
	Volume = {51},
	Year = {2013},
	Bdsk-Url-1 = {https://doi.org/10.1137/110851511}}

@article{Tronci:2014,
	Author = {Cesare Tronci and Emanuele Tassi and Enrico Camporeale and Philip J Morrison},
	Date-Added = {2020-05-27 11:31:07 +0200},
	Date-Modified = {2020-05-27 11:35:57 +0200},
	Doi = {10.1088/0741-3335/56/9/095008},
	Journal = {Plasma Physics and Controlled Fusion},
	Number = {9},
	Pages = {095008},
	Publisher = {{IOP} Publishing},
	Title = {Hybrid Vlasov-{MHD} models: Hamiltonian vs. non-Hamiltonian},
	Url = {https://doi.org/10.1088%2F0741-3335%2F56%2F9%2F095008},
	Volume = {56},
	Year = 2014,
	Bdsk-Url-1 = {https://doi.org/10.1088%2F0741-3335%2F56%2F9%2F095008},
	Bdsk-Url-2 = {https://doi.org/10.1088/0741-3335/56/9/095008}}

@article{Tronci:2010,
	Author = {Cesare Tronci},
	Date-Added = {2020-05-27 11:30:11 +0200},
	Date-Modified = {2020-05-27 11:35:51 +0200},
	Doi = {10.1088/1751-8113/43/37/375501},
	Journal = {Journal of Physics A: Mathematical and Theoretical},
	Number = {37},
	Pages = {375501},
	Publisher = {{IOP} Publishing},
	Title = {Hamiltonian approach to hybrid plasma models},
	Url = {https://doi.org/10.1088%2F1751-8113%2F43%2F37%2F375501},
	Volume = {43},
	Year = 2010,
	Bdsk-Url-1 = {https://doi.org/10.1088%2F1751-8113%2F43%2F37%2F375501},
	Bdsk-Url-2 = {https://doi.org/10.1088/1751-8113/43/37/375501}}

@article{Morrison:2017,
	Author = {Morrison, Philip J.},
	Date-Added = {2020-05-27 11:26:59 +0200},
	Date-Modified = {2020-05-27 11:27:44 +0200},
	Doi = {10.1063/1.4982054},
	Journal = {Physics of Plasmas},
	Number = {5},
	Pages = {055502},
	Title = {Structure and structure-preserving algorithms for plasma physics},
	Url = {https://doi.org/10.1063/1.4982054},
	Volume = {24},
	Year = {2017},
	Bdsk-Url-1 = {https://doi.org/10.1063/1.4982054}}

@article{Casas:2020,
	Article-Number = {533},
	Author = {Casas, Fernando and Escorihuela-Tom{\`a}s, Alejandro},
	Date-Added = {2020-05-27 11:25:14 +0200},
	Date-Modified = {2020-05-27 11:25:14 +0200},
	Doi = {10.3390/math8040533},
	Issn = {2227-7390},
	Journal = {Mathematics},
	Number = {4},
	Title = {Composition Methods for Dynamical Systems Separable into Three Parts},
	Url = {https://www.mdpi.com/2227-7390/8/4/533},
	Volume = {8},
	Year = {2020},
	Bdsk-Url-1 = {https://www.mdpi.com/2227-7390/8/4/533},
	Bdsk-Url-2 = {https://doi.org/10.3390/math8040533}}

@article{Katoh:2007,
	Author = {Katoh, Yuto and Omura, Yoshiharu},
	Date-Added = {2020-05-27 11:22:34 +0200},
	Date-Modified = {2020-05-27 11:22:34 +0200},
	Doi = {10.1029/2006GL028594},
	Journal = {Geophysical Research Letters},
	Keywords = {whistler mode chorus, wave particle interaction, particle simulation},
	Number = {3},
	Title = {Computer simulation of chorus wave generation in the Earth's inner magnetosphere},
	Url = {https://agupubs.onlinelibrary.wiley.com/doi/abs/10.1029/2006GL028594},
	Volume = {34},
	Year = {2007},
	Bdsk-Url-1 = {https://agupubs.onlinelibrary.wiley.com/doi/abs/10.1029/2006GL028594},
	Bdsk-Url-2 = {https://doi.org/10.1029/2006GL028594}}

@article{Chen:2016,
	Author = {Chen, Liu and Zonca, Fulvio},
	Date-Added = {2020-05-27 11:16:11 +0200},
	Date-Modified = {2020-05-27 11:18:54 +0200},
	Doi = {10.1103/RevModPhys.88.015008},
	Journal = {Rev. Mod. Phys.},
	Pages = {015008},
	Title = {Physics of Alfv{\'e}n waves and energetic particles in burning plasmas},
	Volume = {88},
	Year = {2016},
	Bdsk-Url-1 = {https://doi.org/10.1103/RevModPhys.88.015008}}

@article{Holderied:2020,
	Author = {Florian Holderied and Stefan Possanner and Ahmed Ratnani and Xin Wang},
	Date-Added = {2020-05-25 22:08:55 +0200},
	Date-Modified = {2020-05-25 22:11:34 +0200},
	Doi = {10.1016/j.jcp.2019.109108},
	Journal = {Journal of Computational Physics},
	Keywords = {Plasma simulation, Particle-in-cell, Finite elements, Finite element exterior calculus, B-splines, Structure-preserving},
	Title = {Structure-preserving vs. standard particle-in-cell methods: The case of an electron hybrid model},
	Url = {http://www.sciencedirect.com/science/article/pii/S0021999119308137},
	Volume = {402},
	Year = {2020},
	Bdsk-File-1 = {YnBsaXN0MDDSAQIDBFxyZWxhdGl2ZVBhdGhZYWxpYXNEYXRhXxAyLi4vLi4vbWlNYVMvYmlibGlvZ3JhcGh5L3BkZi8yMDIwLUhvbGRlcmllZCgxKS5wZGZPEQF8AAAAAAF8AAIAAAVNYWNIRAAAAAAAAAAAAAAAAAAAAAAAAAAAAAAAAAAAQkQAAf////8VMjAyMC1Ib2xkZXJpZWQoMSkucGRmAAAAAAAAAAAAAAAAAAAAAAAAAAAAAAAAAAAAAAAAAAAAAAAAAAAAAAAA/////wAAAAAAAAAAAAAAAAACAAQAAAogY3UAAAAAAAAAAAAAAAAAA3BkZgAAAgBELzpVc2Vyczpqb3NzZWxpbjpQdWJsaWM6bWlNYVM6YmlibGlvZ3JhcGh5OnBkZjoyMDIwLUhvbGRlcmllZCgxKS5wZGYADgAsABUAMgAwADIAMAAtAEgAbwBsAGQAZQByAGkAZQBkACgAMQApAC4AcABkAGYADwAMAAUATQBhAGMASABEABIAQlVzZXJzL2pvc3NlbGluL1B1YmxpYy9taU1hUy9iaWJsaW9ncmFwaHkvcGRmLzIwMjAtSG9sZGVyaWVkKDEpLnBkZgATAAEvAAAVAAIAD///AAAACAANABoAJABZAAAAAAAAAgEAAAAAAAAABQAAAAAAAAAAAAAAAAAAAdk=},
	Bdsk-File-2 = {YnBsaXN0MDDSAQIDBFxyZWxhdGl2ZVBhdGhZYWxpYXNEYXRhXxAyLi4vLi4vbWlNYVMvYmlibGlvZ3JhcGh5L3BkZi8yMDIwLUhvbGRlcmllZCgyKS5wZGZPEQF8AAAAAAF8AAIAAAVNYWNIRAAAAAAAAAAAAAAAAAAAAAAAAAAAAAAAAAAAQkQAAf////8VMjAyMC1Ib2xkZXJpZWQoMikucGRmAAAAAAAAAAAAAAAAAAAAAAAAAAAAAAAAAAAAAAAAAAAAAAAAAAAAAAAA/////wAAAAAAAAAAAAAAAAACAAQAAAogY3UAAAAAAAAAAAAAAAAAA3BkZgAAAgBELzpVc2Vyczpqb3NzZWxpbjpQdWJsaWM6bWlNYVM6YmlibGlvZ3JhcGh5OnBkZjoyMDIwLUhvbGRlcmllZCgyKS5wZGYADgAsABUAMgAwADIAMAAtAEgAbwBsAGQAZQByAGkAZQBkACgAMgApAC4AcABkAGYADwAMAAUATQBhAGMASABEABIAQlVzZXJzL2pvc3NlbGluL1B1YmxpYy9taU1hUy9iaWJsaW9ncmFwaHkvcGRmLzIwMjAtSG9sZGVyaWVkKDIpLnBkZgATAAEvAAAVAAIAD///AAAACAANABoAJABZAAAAAAAAAgEAAAAAAAAABQAAAAAAAAAAAAAAAAAAAdk=}}

@article{Liu:1994,
	Author = {Xu-Dong Liu and Stanley Osher and Tony Chan},
	Date-Added = {2020-05-18 12:39:27 +0200},
	Date-Modified = {2020-05-18 12:39:27 +0200},
	Doi = {https://doi.org/10.1006/jcph.1994.1187},
	Issn = {0021-9991},
	Journal = {Journal of Computational Physics},
	Number = {1},
	Pages = {200 - 212},
	Title = {Weighted Essentially Non-oscillatory Schemes},
	Url = {http://www.sciencedirect.com/science/article/pii/S0021999184711879},
	Volume = {115},
	Year = {1994},
	Bdsk-Url-1 = {http://www.sciencedirect.com/science/article/pii/S0021999184711879},
	Bdsk-Url-2 = {https://doi.org/10.1006/jcph.1994.1187},
	Bdsk-File-1 = {YnBsaXN0MDDSAQIDBFxyZWxhdGl2ZVBhdGhZYWxpYXNEYXRhXxAQcGRmLzE5OTQtTGl1LnBkZk8RAVoAAAAAAVoAAgAABU1hY0hEAAAAAAAAAAAAAAAAAAAAAAAAAAAAAAAAAABCRAAB/////wwxOTk0LUxpdS5wZGYAAAAAAAAAAAAAAAAAAAAAAAAAAAAAAAAAAAAAAAAAAAAAAAAAAAAAAAAAAAAAAAAAAAD/////AAAAAAAAAAAAAAAAAAEAAwAACiBjdQAAAAAAAAAAAAAAAAADcGRmAAACADsvOlVzZXJzOmpvc3NlbGluOlB1YmxpYzpkcmFmdDpiaWJsaW9ncmFwaHk6cGRmOjE5OTQtTGl1LnBkZgAADgAaAAwAMQA5ADkANAAtAEwAaQB1AC4AcABkAGYADwAMAAUATQBhAGMASABEABIAOVVzZXJzL2pvc3NlbGluL1B1YmxpYy9kcmFmdC9iaWJsaW9ncmFwaHkvcGRmLzE5OTQtTGl1LnBkZgAAEwABLwAAFQACAA///wAAAAgADQAaACQANwAAAAAAAAIBAAAAAAAAAAUAAAAAAAAAAAAAAAAAAAGV}}

@article{Lawson:1967a,
	Author = {Lawson, J. Douglas},
	Date-Added = {2020-05-18 12:37:50 +0200},
	Date-Modified = {2020-05-18 12:37:50 +0200},
	Doi = {10.1137/0704033},
	Eprint = {https://doi.org/10.1137/0704033},
	Journal = {SIAM Journal on Numerical Analysis},
	Number = {3},
	Pages = {372-380},
	Title = {Generalized Runge-Kutta Processes for Stable Systems with Large Lipschitz Constants},
	Url = {https://doi.org/10.1137/0704033},
	Volume = {4},
	Year = {1967},
	Bdsk-Url-1 = {https://doi.org/10.1137/0704033}}

@article{Suzuki:1990,
	Abstract = {A new systematic scheme of decomposition of exponential operators is presented, namely exp [x(A+B)]=Sm(x)+O(xm+1) for any positive integer m, where Sm(x)=et1Aet2Bet3Aet4B{\ldots}etMA. A general scheme of construction of {tj} is given explicitly. The decomposition exp[x(A+B)]=[Sm(x/n)]n+O(xm+1/nm) yields a new efficient approach to quantum Monte Carlo simulations.},
	Author = {Masuo Suzuki},
	Date-Added = {2020-05-18 12:36:50 +0200},
	Date-Modified = {2020-05-18 12:36:50 +0200},
	Doi = {https://doi.org/10.1016/0375-9601(90)90962-N},
	Issn = {0375-9601},
	Journal = {Physics Letters A},
	Number = {6},
	Pages = {319 - 323},
	Title = {Fractal decomposition of exponential operators with applications to many-body theories and Monte Carlo simulations},
	Url = {http://www.sciencedirect.com/science/article/pii/037596019090962N},
	Volume = {146},
	Year = {1990},
	Bdsk-Url-1 = {http://www.sciencedirect.com/science/article/pii/037596019090962N},
	Bdsk-Url-2 = {https://doi.org/10.1016/0375-9601(90)90962-N}}

@article{Strang:1968,
	Adsnote = {Provided by the SAO/NASA Astrophysics Data System},
	Adsurl = {https://ui.adsabs.harvard.edu/abs/1968SJNA....5..506S},
	Author = {Strang, Gilbert},
	Date-Added = {2020-05-18 12:35:55 +0200},
	Date-Modified = {2020-05-18 12:36:23 +0200},
	Doi = {10.1137/0705041},
	Journal = {SIAM Journal on Numerical Analysis},
	Number = {3},
	Pages = {506-517},
	Title = {On the Construction and Comparison of Difference Schemes},
	Volume = {5},
	Year = 1968,
	Bdsk-Url-1 = {https://doi.org/10.1137/0705041}}

@article{Li:2020,
	Author = {Li, Yingzhe and Crouseilles, Nicolas and Sun, Yajuan},
	Date-Added = {2020-05-18 12:35:43 +0200},
	Date-Modified = {2020-05-18 13:01:09 +0200},
	Doi = {10.1016/j.jcp.2019.109172},
	Journal = {Journal of Computational Physics},
	Keywords = {Laser-plasma interaction ; Vlasov--Maxwell system ; Poisson bracket ; Hamiltonian splitting ; Conservative splitting},
	Title = {Numerical simulations of Vlasov-Maxwell equations for laser plasmas based on Poisson structure},
	Volume = {405},
	Year = {2020},
	Bdsk-Url-1 = {https://doi.org/10.1016/j.jcp.2019.109172}}

@article{Morrison:2012,
	Author = {Morrison, Philip J.},
	Date-Added = {2020-05-18 12:35:29 +0200},
	Date-Modified = {2020-05-27 11:27:59 +0200},
	Doi = {10.1063/1.4774063},
	Journal = {Physics of Plasmas},
	Title = {A general theory for gauge-free lifting},
	Volume = {20},
	Year = {2012},
	Bdsk-Url-1 = {https://doi.org/10.1063/1.4774063}}

@article{Kraus:2017,
	Author = {Kraus, Michael and Kormann, Katharina and Morrison, Philip J. and Sonnendr{\"u}cker, Eric},
	Date-Added = {2020-05-18 12:34:59 +0200},
	Date-Modified = {2020-05-18 12:34:59 +0200},
	Doi = {10.1017/S002237781700040X},
	Journal = {Journal of Plasma Physics},
	Number = {4},
	Pages = {905830401},
	Publisher = {Cambridge University Press},
	Title = {GEMPIC: geometric electromagnetic particle-in-cell methods},
	Volume = {83},
	Year = {2017},
	Bdsk-Url-1 = {https://doi.org/10.1017/S002237781700040X}}

@article{Casas:2017,
	Author = {Casas, Fernando and Crouseilles, Nicolas and Faou, Erwan and Mehrenberger, Michel},
	Date-Added = {2020-05-18 12:32:36 +0200},
	Date-Modified = {2020-05-18 12:34:29 +0200},
	Doi = {10.1007/s00211-016-0816-z},
	Hal_Id = {hal-01206164},
	Hal_Version = {v1},
	Journal = {Numerische Mathematik},
	Keywords = {high-order splitting ; Runge-Kutta-Nystr{\"o}m methods ; Vlasov-Poisson equations ; Hamiltonian splitting},
	Number = {3},
	Title = {High-order Hamiltonian splitting for Vlasov-Poisson equations},
	Volume = {135},
	Year = {2017},
	Bdsk-Url-1 = {https://doi.org/10.1007/s00211-016-0816-z}}

@article{Crouseilles:2015,
	Author = {Crouseilles, Nicolas and Einkemmer, Lukas and Faou, Erwan},
	Date-Added = {2020-05-18 12:29:14 +0200},
	Date-Modified = {2020-05-18 12:31:31 +0200},
	Doi = {10.1016/j.jcp.2014.11.029},
	Hal_Id = {hal-00932122},
	Hal_Version = {v1},
	Journal = {Journal of Computational Physics},
	Keywords = {Vlasov-Maxwell ; High order time discretization ; charge conservation ; Hamiltonian splitting},
	Pages = {224-240},
	Title = {Hamiltonian splitting for the Vlasov-Maxwell equations},
	Volume = {283},
	Year = {2015},
	Bdsk-Url-1 = {https://doi.org/10.1016/j.jcp.2014.11.029}}

@book{Fried:1961,
	Author = {Burton D. Fried and Samuel D. Conte},
	Date-Added = {2020-05-07 14:48:15 +0200},
	Date-Modified = {2020-05-07 14:51:38 +0200},
	Publisher = {Academic Press},
	Title = {The Plasma Dispersion Function; the Hilbert transform of the Gaussian},
	Year = {1961},
	Bdsk-File-1 = {YnBsaXN0MDDSAQIDBFxyZWxhdGl2ZVBhdGhZYWxpYXNEYXRhXxArLi4vLi4vbWlNYVMvYmlibGlvZ3JhcGh5L3BkZi8xOTYxLUZyaWVkLnBkZk8RAWIAAAAAAWIAAgAABU1hY0hEAAAAAAAAAAAAAAAAAAAAAAAAAAAAAAAAAABCRAAB/////w4xOTYxLUZyaWVkLnBkZgAAAAAAAAAAAAAAAAAAAAAAAAAAAAAAAAAAAAAAAAAAAAAAAAAAAAAAAAAAAAAAAAD/////AAAAAAAAAAAAAAAAAAIABAAACiBjdQAAAAAAAAAAAAAAAAADcGRmAAACAD0vOlVzZXJzOmpvc3NlbGluOlB1YmxpYzptaU1hUzpiaWJsaW9ncmFwaHk6cGRmOjE5NjEtRnJpZWQucGRmAAAOAB4ADgAxADkANgAxAC0ARgByAGkAZQBkAC4AcABkAGYADwAMAAUATQBhAGMASABEABIAO1VzZXJzL2pvc3NlbGluL1B1YmxpYy9taU1hUy9iaWJsaW9ncmFwaHkvcGRmLzE5NjEtRnJpZWQucGRmAAATAAEvAAAVAAIAD///AAAACAANABoAJABSAAAAAAAAAgEAAAAAAAAABQAAAAAAAAAAAAAAAAAAAbg=}}

@unpublished{Crouseilles:2019b,
	Author = {Nicolas Crouseilles and Lukas Einkemmer and Josselin Massot},
	Date-Added = {2020-02-12 17:12:49 +0100},
	Date-Modified = {2020-02-12 17:13:52 +0100},
	Keywords = {expRK ; Lawson},
	Title = {Exponential methods for solving hyperbolic problems with application to kinetic equations},
	Year = {2019},
	Bdsk-File-1 = {YnBsaXN0MDDSAQIDBFxyZWxhdGl2ZVBhdGhZYWxpYXNEYXRhXxA0Li4vLi4vbWlNYVMvYmlibGlvZ3JhcGh5L3BkZi8yMDE5LUNyb3VzZWlsbGVzKGIpLnBkZk8RAYQAAAAAAYQAAgAABU1hY0hEAAAAAAAAAAAAAAAAAAAAAAAAAAAAAAAAAABCRAAB/////xcyMDE5LUNyb3VzZWlsbGVzKGIpLnBkZgAAAAAAAAAAAAAAAAAAAAAAAAAAAAAAAAAAAAAAAAAAAAAAAAAAAAD/////AAAAAAAAAAAAAAAAAAIABAAACiBjdQAAAAAAAAAAAAAAAAADcGRmAAACAEYvOlVzZXJzOmpvc3NlbGluOlB1YmxpYzptaU1hUzpiaWJsaW9ncmFwaHk6cGRmOjIwMTktQ3JvdXNlaWxsZXMoYikucGRmAA4AMAAXADIAMAAxADkALQBDAHIAbwB1AHMAZQBpAGwAbABlAHMAKABiACkALgBwAGQAZgAPAAwABQBNAGEAYwBIAEQAEgBEVXNlcnMvam9zc2VsaW4vUHVibGljL21pTWFTL2JpYmxpb2dyYXBoeS9wZGYvMjAxOS1Dcm91c2VpbGxlcyhiKS5wZGYAEwABLwAAFQACAA///wAAAAgADQAaACQAWwAAAAAAAAIBAAAAAAAAAAUAAAAAAAAAAAAAAAAAAAHj}}

@article{Dormand:1980,
	Author = {J.R. Dormand and P.J. Prince},
	Date-Added = {2020-02-11 11:43:49 +0100},
	Date-Modified = {2020-02-11 11:44:57 +0100},
	Doi = {10.1016/0771-050X(80)90013-3},
	Journal = {Journal of Computational and Applied Mathematics},
	Number = {1},
	Pages = {19 - 26},
	Title = {A family of embedded Runge-Kutta formulae},
	Volume = {6},
	Year = {1980},
	Bdsk-File-1 = {YnBsaXN0MDDSAQIDBFxyZWxhdGl2ZVBhdGhZYWxpYXNEYXRhXxAtLi4vLi4vbWlNYVMvYmlibGlvZ3JhcGh5L3BkZi8xOTgwLURvcm1hbmQucGRmTxEBagAAAAABagACAAAFTWFjSEQAAAAAAAAAAAAAAAAAAAAAAAAAAAAAAAAAAEJEAAH/////EDE5ODAtRG9ybWFuZC5wZGYAAAAAAAAAAAAAAAAAAAAAAAAAAAAAAAAAAAAAAAAAAAAAAAAAAAAAAAAAAAAAAP////8AAAAAAAAAAAAAAAAAAgAEAAAKIGN1AAAAAAAAAAAAAAAAAANwZGYAAAIAPy86VXNlcnM6am9zc2VsaW46UHVibGljOm1pTWFTOmJpYmxpb2dyYXBoeTpwZGY6MTk4MC1Eb3JtYW5kLnBkZgAADgAiABAAMQA5ADgAMAAtAEQAbwByAG0AYQBuAGQALgBwAGQAZgAPAAwABQBNAGEAYwBIAEQAEgA9VXNlcnMvam9zc2VsaW4vUHVibGljL21pTWFTL2JpYmxpb2dyYXBoeS9wZGYvMTk4MC1Eb3JtYW5kLnBkZgAAEwABLwAAFQACAA///wAAAAgADQAaACQAVAAAAAAAAAIBAAAAAAAAAAUAAAAAAAAAAAAAAAAAAAHC}}

@article{Dormand:1978,
	Author = {Dormand, J.R. and Prince, P.J.},
	Date-Added = {2020-02-11 11:26:02 +0100},
	Date-Modified = {2020-02-11 11:30:25 +0100},
	Doi = {10.1007/BF01230162},
	Journal = {Celestial mechanics},
	Keywords = {RK ; DP ; embedded Runge-Kutta},
	Number = {18},
	Pages = {223--232},
	Title = {New Runge-Kutta algorithms for numerical simulation in dynamical astronomy},
	Year = {1978},
	Bdsk-File-1 = {YnBsaXN0MDDSAQIDBFxyZWxhdGl2ZVBhdGhZYWxpYXNEYXRhXxAtLi4vLi4vbWlNYVMvYmlibGlvZ3JhcGh5L3BkZi8xOTc4LURvcm1hbmQucGRmTxEBagAAAAABagACAAAFTWFjSEQAAAAAAAAAAAAAAAAAAAAAAAAAAAAAAAAAAEJEAAH/////EDE5NzgtRG9ybWFuZC5wZGYAAAAAAAAAAAAAAAAAAAAAAAAAAAAAAAAAAAAAAAAAAAAAAAAAAAAAAAAAAAAAAP////8AAAAAAAAAAAAAAAAAAgAEAAAKIGN1AAAAAAAAAAAAAAAAAANwZGYAAAIAPy86VXNlcnM6am9zc2VsaW46UHVibGljOm1pTWFTOmJpYmxpb2dyYXBoeTpwZGY6MTk3OC1Eb3JtYW5kLnBkZgAADgAiABAAMQA5ADcAOAAtAEQAbwByAG0AYQBuAGQALgBwAGQAZgAPAAwABQBNAGEAYwBIAEQAEgA9VXNlcnMvam9zc2VsaW4vUHVibGljL21pTWFTL2JpYmxpb2dyYXBoeS9wZGYvMTk3OC1Eb3JtYW5kLnBkZgAAEwABLwAAFQACAA///wAAAAgADQAaACQAVAAAAAAAAAIBAAAAAAAAAAUAAAAAAAAAAAAAAAAAAAHC}}

@unpublished{Crouseilles:2020,
	Author = {Nicolas Crouseilles},
	Date-Added = {2020-02-04 14:07:41 +0100},
	Date-Modified = {2020-02-04 14:10:03 +0100},
	Keywords = {Splitting methods ; Poisson bracket},
	Note = {mail lun. 3 fev. 20:53},
	Title = {Poisson bracket for one electron hybrid model},
	Year = {2020},
	Bdsk-File-1 = {YnBsaXN0MDDSAQIDBFxyZWxhdGl2ZVBhdGhZYWxpYXNEYXRhXxAxLi4vLi4vbWlNYVMvYmlibGlvZ3JhcGh5L3BkZi8yMDIwLUNyb3VzZWlsbGVzLnBkZk8RAXoAAAAAAXoAAgAABU1hY0hEAAAAAAAAAAAAAAAAAAAAAAAAAAAAAAAAAABCRAAB/////xQyMDIwLUNyb3VzZWlsbGVzLnBkZgAAAAAAAAAAAAAAAAAAAAAAAAAAAAAAAAAAAAAAAAAAAAAAAAAAAAAAAAD/////AAAAAAAAAAAAAAAAAAIABAAACiBjdQAAAAAAAAAAAAAAAAADcGRmAAACAEMvOlVzZXJzOmpvc3NlbGluOlB1YmxpYzptaU1hUzpiaWJsaW9ncmFwaHk6cGRmOjIwMjAtQ3JvdXNlaWxsZXMucGRmAAAOACoAFAAyADAAMgAwAC0AQwByAG8AdQBzAGUAaQBsAGwAZQBzAC4AcABkAGYADwAMAAUATQBhAGMASABEABIAQVVzZXJzL2pvc3NlbGluL1B1YmxpYy9taU1hUy9iaWJsaW9ncmFwaHkvcGRmLzIwMjAtQ3JvdXNlaWxsZXMucGRmAAATAAEvAAAVAAIAD///AAAACAANABoAJABYAAAAAAAAAgEAAAAAAAAABQAAAAAAAAAAAAAAAAAAAdY=}}

@article{Blanes:2019,
	Author = {Sergio Blanes and Fernando Casas and Mechthild Thalhammer},
	Date-Added = {2020-02-04 13:49:16 +0100},
	Date-Modified = {2020-02-04 13:51:17 +0100},
	Doi = {10.1016/j.apnum.2019.07.022},
	Journal = {Applied Numerical Mathematics},
	Keywords = {Splitting methods, Composition methods, Error estimators},
	Pages = {400 - 415},
	Title = {Splitting and composition methods with embedded error estimators},
	Volume = {146},
	Year = {2019},
	Bdsk-File-1 = {YnBsaXN0MDDSAQIDBFxyZWxhdGl2ZVBhdGhZYWxpYXNEYXRhXxAsLi4vLi4vbWlNYVMvYmlibGlvZ3JhcGh5L3BkZi8yMDE5LUJsYW5lcy5wZGZPEQFkAAAAAAFkAAIAAAVNYWNIRAAAAAAAAAAAAAAAAAAAAAAAAAAAAAAAAAAAQkQAAf////8PMjAxOS1CbGFuZXMucGRmAAAAAAAAAAAAAAAAAAAAAAAAAAAAAAAAAAAAAAAAAAAAAAAAAAAAAAAAAAAAAAAA/////wAAAAAAAAAAAAAAAAACAAQAAAogY3UAAAAAAAAAAAAAAAAAA3BkZgAAAgA+LzpVc2Vyczpqb3NzZWxpbjpQdWJsaWM6bWlNYVM6YmlibGlvZ3JhcGh5OnBkZjoyMDE5LUJsYW5lcy5wZGYADgAgAA8AMgAwADEAOQAtAEIAbABhAG4AZQBzAC4AcABkAGYADwAMAAUATQBhAGMASABEABIAPFVzZXJzL2pvc3NlbGluL1B1YmxpYy9taU1hUy9iaWJsaW9ncmFwaHkvcGRmLzIwMTktQmxhbmVzLnBkZgATAAEvAAAVAAIAD///AAAACAANABoAJABTAAAAAAAAAgEAAAAAAAAABQAAAAAAAAAAAAAAAAAAAbs=}}

@article{Besse:2017,
	Author = {Christophe Besse and Guillaume Dujardin and Ingrid Lacroix-Violet},
	Date-Added = {2019-12-16 16:37:20 +0100},
	Date-Modified = {2019-12-16 16:42:31 +0100},
	Doi = {10.1137/15M1029047},
	Journal = {SIAM Journal on Numerical Analysis},
	Number = {3},
	Pages = {1387--1411},
	Title = {High order exponential integrators for nonlinear Schr{\"o}dinger equations with application to rotating Bose-Einstein condensates},
	Volume = {55},
	Year = {2017},
	Bdsk-File-1 = {YnBsaXN0MDDSAQIDBFxyZWxhdGl2ZVBhdGhZYWxpYXNEYXRhXxArLi4vLi4vbWlNYVMvYmlibGlvZ3JhcGh5L3BkZi8yMDE3LUJlc3NlLnBkZk8RAWIAAAAAAWIAAgAABU1hY0hEAAAAAAAAAAAAAAAAAAAAAAAAAAAAAAAAAABCRAAB/////w4yMDE3LUJlc3NlLnBkZgAAAAAAAAAAAAAAAAAAAAAAAAAAAAAAAAAAAAAAAAAAAAAAAAAAAAAAAAAAAAAAAAD/////AAAAAAAAAAAAAAAAAAIABAAACiBjdQAAAAAAAAAAAAAAAAADcGRmAAACAD0vOlVzZXJzOmpvc3NlbGluOlB1YmxpYzptaU1hUzpiaWJsaW9ncmFwaHk6cGRmOjIwMTctQmVzc2UucGRmAAAOAB4ADgAyADAAMQA3AC0AQgBlAHMAcwBlAC4AcABkAGYADwAMAAUATQBhAGMASABEABIAO1VzZXJzL2pvc3NlbGluL1B1YmxpYy9taU1hUy9iaWJsaW9ncmFwaHkvcGRmLzIwMTctQmVzc2UucGRmAAATAAEvAAAVAAIAD///AAAACAANABoAJABSAAAAAAAAAgEAAAAAAAAABQAAAAAAAAAAAAAAAAAAAbg=}}

@article{Yoshida:1990,
	Annote = {En compl{\'e}ment, il y a aussi https://www.groundai.com/project/high-order-three-part-split-symplectic-integration-schemes/1 qui donne une valeur explicite des coefficients x0 et x1 devant dt pour les Strangs {\`a} faire pour un splitting en 3 {\'e}tapes.},
	Author = {Haruo Yoshida},
	Date-Added = {2019-12-03 17:02:02 +0100},
	Date-Modified = {2019-12-03 17:12:38 +0100},
	Doi = {10.1016/0375-9601(90)90092-3},
	Journal = {Physics Letters A},
	Number = {5},
	Title = {Construction of higher order symplectic integrators},
	Volume = {150},
	Year = {1990},
	Bdsk-File-1 = {YnBsaXN0MDDSAQIDBFxyZWxhdGl2ZVBhdGhZYWxpYXNEYXRhXxAtLi4vLi4vbWlNYVMvYmlibGlvZ3JhcGh5L3BkZi8xOTkwLVlvc2hpZGEucGRmTxEBagAAAAABagACAAAFTWFjSEQAAAAAAAAAAAAAAAAAAAAAAAAAAAAAAAAAAEJEAAH/////EDE5OTAtWW9zaGlkYS5wZGYAAAAAAAAAAAAAAAAAAAAAAAAAAAAAAAAAAAAAAAAAAAAAAAAAAAAAAAAAAAAAAP////8AAAAAAAAAAAAAAAAAAgAEAAAKIGN1AAAAAAAAAAAAAAAAAANwZGYAAAIAPy86VXNlcnM6am9zc2VsaW46UHVibGljOm1pTWFTOmJpYmxpb2dyYXBoeTpwZGY6MTk5MC1Zb3NoaWRhLnBkZgAADgAiABAAMQA5ADkAMAAtAFkAbwBzAGgAaQBkAGEALgBwAGQAZgAPAAwABQBNAGEAYwBIAEQAEgA9VXNlcnMvam9zc2VsaW4vUHVibGljL21pTWFTL2JpYmxpb2dyYXBoeS9wZGYvMTk5MC1Zb3NoaWRhLnBkZgAAEwABLwAAFQACAA///wAAAAgADQAaACQAVAAAAAAAAAIBAAAAAAAAAAUAAAAAAAAAAAAAAAAAAAHC}}

@article{Yang:2014,
	Author = {Chang Yang and Francis Filbet},
	Date-Added = {2019-11-08 17:26:14 +0100},
	Date-Modified = {2019-11-08 17:28:42 +0100},
	Journal = {Journal of Computational Physics},
	Keywords = {WENO ; WENO-SL ; Hermite ; Semi-Lagrangian methods},
	Pages = {18-36},
	Title = {Conservative and non-conservative methods based on Hermite weighted essentially-non-oscillatory reconstruction for Vlasov equations},
	Volume = {279},
	Year = {2014},
	Bdsk-File-1 = {YnBsaXN0MDDSAQIDBFxyZWxhdGl2ZVBhdGhZYWxpYXNEYXRhXxAqLi4vLi4vbWlNYVMvYmlibGlvZ3JhcGh5L3BkZi8yMDE0LVlhbmcucGRmTxEBXAAAAAABXAACAAAFTWFjSEQAAAAAAAAAAAAAAAAAAAAAAAAAAAAAAAAAAEJEAAH/////DTIwMTQtWWFuZy5wZGYAAAAAAAAAAAAAAAAAAAAAAAAAAAAAAAAAAAAAAAAAAAAAAAAAAAAAAAAAAAAAAAAAAP////8AAAAAAAAAAAAAAAAAAgAEAAAKIGN1AAAAAAAAAAAAAAAAAANwZGYAAAIAPC86VXNlcnM6am9zc2VsaW46UHVibGljOm1pTWFTOmJpYmxpb2dyYXBoeTpwZGY6MjAxNC1ZYW5nLnBkZgAOABwADQAyADAAMQA0AC0AWQBhAG4AZwAuAHAAZABmAA8ADAAFAE0AYQBjAEgARAASADpVc2Vycy9qb3NzZWxpbi9QdWJsaWMvbWlNYVMvYmlibGlvZ3JhcGh5L3BkZi8yMDE0LVlhbmcucGRmABMAAS8AABUAAgAP//8AAAAIAA0AGgAkAFEAAAAAAAACAQAAAAAAAAAFAAAAAAAAAAAAAAAAAAABsQ==}}

@book{Hairer:1996,
	Author = {Ernst Hairer and Gerhard Wanner},
	Date-Added = {2019-10-24 14:43:00 +0200},
	Date-Modified = {2019-10-24 14:44:46 +0200},
	Publisher = {Springer},
	Title = {Solving Ordinary Differential Equations II: Stiff and Differential-Algebraic Problems (Springer Series in Computational Mathematics)},
	Year = {1996},
	Bdsk-File-1 = {YnBsaXN0MDDSAQIDBFxyZWxhdGl2ZVBhdGhZYWxpYXNEYXRhXxAsLi4vLi4vbWlNYVMvYmlibGlvZ3JhcGh5L3BkZi8xOTk2LUhhaXJlci5wZGZPEQFkAAAAAAFkAAIAAAVNYWNIRAAAAAAAAAAAAAAAAAAAAAAAAAAAAAAAAAAAQkQAAf////8PMTk5Ni1IYWlyZXIucGRmAAAAAAAAAAAAAAAAAAAAAAAAAAAAAAAAAAAAAAAAAAAAAAAAAAAAAAAAAAAAAAAA/////wAAAAAAAAAAAAAAAAACAAQAAAogY3UAAAAAAAAAAAAAAAAAA3BkZgAAAgA+LzpVc2Vyczpqb3NzZWxpbjpQdWJsaWM6bWlNYVM6YmlibGlvZ3JhcGh5OnBkZjoxOTk2LUhhaXJlci5wZGYADgAgAA8AMQA5ADkANgAtAEgAYQBpAHIAZQByAC4AcABkAGYADwAMAAUATQBhAGMASABEABIAPFVzZXJzL2pvc3NlbGluL1B1YmxpYy9taU1hUy9iaWJsaW9ncmFwaHkvcGRmLzE5OTYtSGFpcmVyLnBkZgATAAEvAAAVAAIAD///AAAACAANABoAJABTAAAAAAAAAgEAAAAAAAAABQAAAAAAAAAAAAAAAAAAAbs=}}

@unpublished{Balac:2013b,
	Author = {Balac, St{\'e}phane and Fernandez, Arnaud},
	Date-Added = {2019-10-24 12:58:42 +0200},
	Date-Modified = {2019-10-24 13:01:49 +0200},
	Keywords = {Symmetric Split-Step method ; adaptive step-size control ; nonlinear Schr{\"o}dinger equation ; embedded Runge-Kutta methods ; Intercation Picture method ; nonlinear optics},
	Title = {Mathematical analysis of adaptive step-size techniques when solving the nonlinear Schr{\"o}dinger equation for simulating light-wave propagation in optical fibers},
	Url = {https://hal.archives-ouvertes.fr/hal-00922605},
	Year = {2013},
	Bdsk-File-1 = {YnBsaXN0MDDSAQIDBFxyZWxhdGl2ZVBhdGhZYWxpYXNEYXRhXxAuLi4vLi4vbWlNYVMvYmlibGlvZ3JhcGh5L3BkZi8yMDEzLUJhbGFjKGIpLnBkZk8RAWwAAAAAAWwAAgAABU1hY0hEAAAAAAAAAAAAAAAAAAAAAAAAAAAAAAAAAABCRAAB/////xEyMDEzLUJhbGFjKGIpLnBkZgAAAAAAAAAAAAAAAAAAAAAAAAAAAAAAAAAAAAAAAAAAAAAAAAAAAAAAAAAAAAD/////AAAAAAAAAAAAAAAAAAIABAAACiBjdQAAAAAAAAAAAAAAAAADcGRmAAACAEAvOlVzZXJzOmpvc3NlbGluOlB1YmxpYzptaU1hUzpiaWJsaW9ncmFwaHk6cGRmOjIwMTMtQmFsYWMoYikucGRmAA4AJAARADIAMAAxADMALQBCAGEAbABhAGMAKABiACkALgBwAGQAZgAPAAwABQBNAGEAYwBIAEQAEgA+VXNlcnMvam9zc2VsaW4vUHVibGljL21pTWFTL2JpYmxpb2dyYXBoeS9wZGYvMjAxMy1CYWxhYyhiKS5wZGYAEwABLwAAFQACAA///wAAAAgADQAaACQAVQAAAAAAAAIBAAAAAAAAAAUAAAAAAAAAAAAAAAAAAAHF}}

@article{Balac:2013a,
	Author = {Balac, St{\'e}phane and Mah{\'e}, Fabrice},
	Date-Added = {2019-10-24 12:46:07 +0200},
	Date-Modified = {2019-10-24 13:02:07 +0200},
	Doi = {10.1016/j.cpc.2012.12.020},
	Idhal = {hal-00797190},
	Journal = {Computer Physics Communications},
	Keywords = {Interaction picture method ; Embedded Runge-Kutta method ; Gross-Pitaevskii equation ; Generalised non-linear Schr{\"o}dinger equation ; Split-step method},
	Number = {4},
	Pages = {1211-1219},
	Title = {Embedded Runge-Kutta scheme for step-size control in the interaction picture method},
	Volume = {184},
	Year = {2013},
	Bdsk-File-1 = {YnBsaXN0MDDSAQIDBFxyZWxhdGl2ZVBhdGhZYWxpYXNEYXRhXxAuLi4vLi4vbWlNYVMvYmlibGlvZ3JhcGh5L3BkZi8yMDEzLUJhbGFjKGEpLnBkZk8RAWwAAAAAAWwAAgAABU1hY0hEAAAAAAAAAAAAAAAAAAAAAAAAAAAAAAAAAABCRAAB/////xEyMDEzLUJhbGFjKGEpLnBkZgAAAAAAAAAAAAAAAAAAAAAAAAAAAAAAAAAAAAAAAAAAAAAAAAAAAAAAAAAAAAD/////AAAAAAAAAAAAAAAAAAIABAAACiBjdQAAAAAAAAAAAAAAAAADcGRmAAACAEAvOlVzZXJzOmpvc3NlbGluOlB1YmxpYzptaU1hUzpiaWJsaW9ncmFwaHk6cGRmOjIwMTMtQmFsYWMoYSkucGRmAA4AJAARADIAMAAxADMALQBCAGEAbABhAGMAKABhACkALgBwAGQAZgAPAAwABQBNAGEAYwBIAEQAEgA+VXNlcnMvam9zc2VsaW4vUHVibGljL21pTWFTL2JpYmxpb2dyYXBoeS9wZGYvMjAxMy1CYWxhYyhhKS5wZGYAEwABLwAAFQACAA///wAAAAgADQAaACQAVQAAAAAAAAIBAAAAAAAAAAUAAAAAAAAAAAAAAAAAAAHF}}

@article{Qiu:2010,
	Author = {Jing-Mei Qiu and Andrew Christlieb},
	Date-Added = {2019-10-23 15:21:00 +0200},
	Date-Modified = {2019-10-24 12:56:25 +0200},
	Doi = {10.1016/j.jcp.2009.10.016},
	Journal = {Journal of Computational Physics},
	Keywords = {Conservative scheme, Semi-Lagrangian methods, WENO reconstruction, Operator splitting methods, Vlasov equation, Landau damping, Two-stream instability},
	Number = {4},
	Pages = {1130-1149},
	Title = {A conservative high order semi-Lagrangian WENO method for the Vlasov equation},
	Volume = {229},
	Year = {2010},
	Bdsk-File-1 = {YnBsaXN0MDDSAQIDBFxyZWxhdGl2ZVBhdGhZYWxpYXNEYXRhXxAQcGRmLzIwMTAtUWl1LnBkZk8RAVoAAAAAAVoAAgAABU1hY0hEAAAAAAAAAAAAAAAAAAAAAAAAAAAAAAAAAABCRAAB/////wwyMDEwLVFpdS5wZGYAAAAAAAAAAAAAAAAAAAAAAAAAAAAAAAAAAAAAAAAAAAAAAAAAAAAAAAAAAAAAAAAAAAD/////AAAAAAAAAAAAAAAAAAEAAwAACiBjdQAAAAAAAAAAAAAAAAADcGRmAAACADsvOlVzZXJzOmpvc3NlbGluOlB1YmxpYzpkcmFmdDpiaWJsaW9ncmFwaHk6cGRmOjIwMTAtUWl1LnBkZgAADgAaAAwAMgAwADEAMAAtAFEAaQB1AC4AcABkAGYADwAMAAUATQBhAGMASABEABIAOVVzZXJzL2pvc3NlbGluL1B1YmxpYy9kcmFmdC9iaWJsaW9ncmFwaHkvcGRmLzIwMTAtUWl1LnBkZgAAEwABLwAAFQACAA///wAAAAgADQAaACQANwAAAAAAAAIBAAAAAAAAAAUAAAAAAAAAAAAAAAAAAAGV}}

@article{Baldauf:2008,
	Author = {Michael Baldauf},
	Date-Added = {2019-10-15 17:21:19 +0200},
	Date-Modified = {2019-10-15 17:23:13 +0200},
	Journal = {Journal of Computational Physics},
	Keywords = {linear advection; RK; linear stability analysis; von-Neumann stability},
	Title = {Stability Analysis for linear discretisations of the advection equation with Runge-Kutta time integration},
	Year = {2008},
	Bdsk-File-1 = {YnBsaXN0MDDSAQIDBFxyZWxhdGl2ZVBhdGhZYWxpYXNEYXRhXxAtLi4vLi4vbWlNYVMvYmlibGlvZ3JhcGh5L3BkZi8yMDA4LUJhbGRhdWYucGRmTxEBagAAAAABagACAAAFTWFjSEQAAAAAAAAAAAAAAAAAAAAAAAAAAAAAAAAAAEJEAAH/////EDIwMDgtQmFsZGF1Zi5wZGYAAAAAAAAAAAAAAAAAAAAAAAAAAAAAAAAAAAAAAAAAAAAAAAAAAAAAAAAAAAAAAP////8AAAAAAAAAAAAAAAAAAgAEAAAKIGN1AAAAAAAAAAAAAAAAAANwZGYAAAIAPy86VXNlcnM6am9zc2VsaW46UHVibGljOm1pTWFTOmJpYmxpb2dyYXBoeTpwZGY6MjAwOC1CYWxkYXVmLnBkZgAADgAiABAAMgAwADAAOAAtAEIAYQBsAGQAYQB1AGYALgBwAGQAZgAPAAwABQBNAGEAYwBIAEQAEgA9VXNlcnMvam9zc2VsaW4vUHVibGljL21pTWFTL2JpYmxpb2dyYXBoeS9wZGYvMjAwOC1CYWxkYXVmLnBkZgAAEwABLwAAFQACAA///wAAAAgADQAaACQAVAAAAAAAAAIBAAAAAAAAAAUAAAAAAAAAAAAAAAAAAAHC}}

@article{Ketcheson:2013,
	Author = {David Ketcheson and Colin B. Macdonald and Steven J. Ruuth},
	Date-Added = {2019-06-24 12:16:39 +0200},
	Date-Modified = {2019-06-24 12:18:42 +0200},
	Doi = {10.1137/130906258},
	Journal = {SIAM Journal on Numerical Analysis},
	Keywords = {embedded Runge-Kutta ; WENO},
	Title = {Spatially partitioned embedded Runge-Kutta methods},
	Year = {2013},
	Bdsk-File-1 = {YnBsaXN0MDDSAQIDBFxyZWxhdGl2ZVBhdGhZYWxpYXNEYXRhXxAvLi4vLi4vbWlNYVMvYmlibGlvZ3JhcGh5L3BkZi8yMDEzLUtldGNoZXNvbi5wZGZPEQFyAAAAAAFyAAIAAAVNYWNIRAAAAAAAAAAAAAAAAAAAAAAAAAAAAAAAAAAAQkQAAf////8SMjAxMy1LZXRjaGVzb24ucGRmAAAAAAAAAAAAAAAAAAAAAAAAAAAAAAAAAAAAAAAAAAAAAAAAAAAAAAAAAAAA/////wAAAAAAAAAAAAAAAAACAAQAAAogY3UAAAAAAAAAAAAAAAAAA3BkZgAAAgBBLzpVc2Vyczpqb3NzZWxpbjpQdWJsaWM6bWlNYVM6YmlibGlvZ3JhcGh5OnBkZjoyMDEzLUtldGNoZXNvbi5wZGYAAA4AJgASADIAMAAxADMALQBLAGUAdABjAGgAZQBzAG8AbgAuAHAAZABmAA8ADAAFAE0AYQBjAEgARAASAD9Vc2Vycy9qb3NzZWxpbi9QdWJsaWMvbWlNYVMvYmlibGlvZ3JhcGh5L3BkZi8yMDEzLUtldGNoZXNvbi5wZGYAABMAAS8AABUAAgAP//8AAAAIAA0AGgAkAFYAAAAAAAACAQAAAAAAAAAFAAAAAAAAAAAAAAAAAAABzA==}}

@article{Meurer:2017,
	Abstract = {
SymPy is an open source computer algebra system written in pure Python. It is built with a focus on extensibility and ease of use, through both interactive and programmatic applications. These characteristics have led SymPy to become a popular symbolic library for the scientific Python ecosystem. This paper presents the architecture of SymPy, a description of its features, and a discussion of select submodules. The supplementary material provides additional examples and further outline details of the architecture and features of SymPy.
         },
	Author = {Meurer, Aaron and Smith, Christopher P. and Paprocki, Mateusz and \v{C}ert\'{i}k, Ond\v{r}ej and Kirpichev, Sergey B. and Rocklin, Matthew and Kumar, Amit and Ivanov, Sergiu and Moore, Jason K. and Singh, Sartaj and Rathnayake, Thilina and Vig, Sean and Granger, Brian E. and Muller, Richard P. and Bonazzi, Francesco and Gupta, Harsh and Vats, Shivam and Johansson, Fredrik and Pedregosa, Fabian and Curry, Matthew J. and Terrel, Andy R. and Rou\v{c}ka, \v{S}t\v{e}p\'{a}n and Saboo, Ashutosh and Fernando, Isuru and Kulal, Sumith and Cimrman, Robert and Scopatz, Anthony},
	Date-Added = {2019-06-14 09:29:25 +0200},
	Date-Modified = {2019-10-21 18:38:32 +0200},
	Doi = {10.7717/peerj-cs.103},
	Issn = {2376-5992},
	Journal = {PeerJ Computer Science},
	Keywords = {Python, Computer algebra system, Symbolics},
	Pages = {e103},
	Title = {SymPy: symbolic computing in Python},
	Url = {https://doi.org/10.7717/peerj-cs.103},
	Volume = 3,
	Year = 2017,
	Bdsk-Url-1 = {https://doi.org/10.7717/peerj-cs.103}}

@book{Butcher:2008,
	Annote = {Plusieurs tableaux de Butcher de m{\'e}thodes ``classiques''},
	Author = {J. C. Butcher},
	Date-Added = {2019-06-12 17:22:08 +0200},
	Date-Modified = {2019-06-12 17:26:36 +0200},
	Doi = {10.1002/9780470753767},
	Edition = {second edition},
	Isbn = {9780470753767},
	Keywords = {RK},
	Publisher = {Wiley},
	Title = {Numerical Methods for Ordinary Differential Equations},
	Year = {2008},
	Bdsk-File-1 = {YnBsaXN0MDDSAQIDBFxyZWxhdGl2ZVBhdGhZYWxpYXNEYXRhXxAtLi4vLi4vbWlNYVMvYmlibGlvZ3JhcGh5L3BkZi8yMDA4LUJ1dGNoZXIucGRmTxEBagAAAAABagACAAAFTWFjSEQAAAAAAAAAAAAAAAAAAAAAAAAAAAAAAAAAAEJEAAH/////EDIwMDgtQnV0Y2hlci5wZGYAAAAAAAAAAAAAAAAAAAAAAAAAAAAAAAAAAAAAAAAAAAAAAAAAAAAAAAAAAAAAAP////8AAAAAAAAAAAAAAAAAAgAEAAAKIGN1AAAAAAAAAAAAAAAAAANwZGYAAAIAPy86VXNlcnM6am9zc2VsaW46UHVibGljOm1pTWFTOmJpYmxpb2dyYXBoeTpwZGY6MjAwOC1CdXRjaGVyLnBkZgAADgAiABAAMgAwADAAOAAtAEIAdQB0AGMAaABlAHIALgBwAGQAZgAPAAwABQBNAGEAYwBIAEQAEgA9VXNlcnMvam9zc2VsaW4vUHVibGljL21pTWFTL2JpYmxpb2dyYXBoeS9wZGYvMjAwOC1CdXRjaGVyLnBkZgAAEwABLwAAFQACAA///wAAAAgADQAaACQAVAAAAAAAAAIBAAAAAAAAAAUAAAAAAAAAAAAAAAAAAAHC}}

@article{Lunet:2017,
	Author = {Lunet, Thibaut and Lac, Christine and Auguste, Franck and Visentin, Florian and Masson, Val{\'e}ry and Escobar, Juan},
	Date-Added = {2019-06-10 10:58:53 +0200},
	Date-Modified = {2019-06-10 11:00:34 +0200},
	Doi = {10.1175/MWR-D-16-0343.1},
	Journal = {Monthly Weather Review},
	Keywords = {WENO},
	Number = {9},
	Pages = {3817-3838},
	Title = {Combination of WENO and Explicit Runge--Kutta Methods for Wind Transport in the Meso-NH Model},
	Volume = {145},
	Year = {2017},
	Bdsk-File-1 = {YnBsaXN0MDDSAQIDBFxyZWxhdGl2ZVBhdGhZYWxpYXNEYXRhXxArLi4vLi4vbWlNYVMvYmlibGlvZ3JhcGh5L3BkZi8yMDE3LUx1bmV0LnBkZk8RAWIAAAAAAWIAAgAABU1hY0hEAAAAAAAAAAAAAAAAAAAAAAAAAAAAAAAAAABCRAAB/////w4yMDE3LUx1bmV0LnBkZgAAAAAAAAAAAAAAAAAAAAAAAAAAAAAAAAAAAAAAAAAAAAAAAAAAAAAAAAAAAAAAAAD/////AAAAAAAAAAAAAAAAAAIABAAACiBjdQAAAAAAAAAAAAAAAAADcGRmAAACAD0vOlVzZXJzOmpvc3NlbGluOlB1YmxpYzptaU1hUzpiaWJsaW9ncmFwaHk6cGRmOjIwMTctTHVuZXQucGRmAAAOAB4ADgAyADAAMQA3AC0ATAB1AG4AZQB0AC4AcABkAGYADwAMAAUATQBhAGMASABEABIAO1VzZXJzL2pvc3NlbGluL1B1YmxpYy9taU1hUy9iaWJsaW9ncmFwaHkvcGRmLzIwMTctTHVuZXQucGRmAAATAAEvAAAVAAIAD///AAAACAANABoAJABSAAAAAAAAAgEAAAAAAAAABQAAAAAAAAAAAAAAAAAAAbg=},
	Bdsk-Url-1 = {https://doi.org/10.1175/MWR-D-16-0343.1}}

@unpublished{Crouseilles:2019a,
	Author = {Nicolas Crouseilles},
	Date-Added = {2019-05-13 13:39:05 +0200},
	Date-Modified = {2020-02-12 17:12:46 +0100},
	Keywords = {expRK},
	Note = {mail ven. 26 avr. 16:59},
	Title = {Some few examples of exponential integrators and their stability},
	Year = {2019},
	Bdsk-File-1 = {YnBsaXN0MDDSAQIDBFxyZWxhdGl2ZVBhdGhZYWxpYXNEYXRhXxA0Li4vLi4vbWlNYVMvYmlibGlvZ3JhcGh5L3BkZi8yMDE5LUNyb3VzZWlsbGVzKGEpLnBkZk8RAYQAAAAAAYQAAgAABU1hY0hEAAAAAAAAAAAAAAAAAAAAAAAAAAAAAAAAAABCRAAB/////xcyMDE5LUNyb3VzZWlsbGVzKGEpLnBkZgAAAAAAAAAAAAAAAAAAAAAAAAAAAAAAAAAAAAAAAAAAAAAAAAAAAAD/////AAAAAAAAAAAAAAAAAAIABAAACiBjdQAAAAAAAAAAAAAAAAADcGRmAAACAEYvOlVzZXJzOmpvc3NlbGluOlB1YmxpYzptaU1hUzpiaWJsaW9ncmFwaHk6cGRmOjIwMTktQ3JvdXNlaWxsZXMoYSkucGRmAA4AMAAXADIAMAAxADkALQBDAHIAbwB1AHMAZQBpAGwAbABlAHMAKABhACkALgBwAGQAZgAPAAwABQBNAGEAYwBIAEQAEgBEVXNlcnMvam9zc2VsaW4vUHVibGljL21pTWFTL2JpYmxpb2dyYXBoeS9wZGYvMjAxOS1Dcm91c2VpbGxlcyhhKS5wZGYAEwABLwAAFQACAA///wAAAAgADQAaACQAWwAAAAAAAAIBAAAAAAAAAAUAAAAAAAAAAAAAAAAAAAHj}}

@article{Hochbruck:2010,
	Annote = {HochOster is the method from page 229 },
	Author = {Marlis Hochbruck and Alexander Ostermann},
	Date-Added = {2019-04-24 22:07:09 +0200},
	Date-Modified = {2019-04-24 22:12:07 +0200},
	Doi = {10.1017/S0962492910000048},
	Journal = {Acta Numerica},
	Keywords = {expRK},
	Pages = {209-286},
	Title = {Exponential integrators},
	Volume = {19},
	Year = {2010},
	Bdsk-File-1 = {YnBsaXN0MDDSAQIDBFxyZWxhdGl2ZVBhdGhZYWxpYXNEYXRhXxAvLi4vLi4vbWlNYVMvYmlibGlvZ3JhcGh5L3BkZi8yMDEwLUhvY2hicnVjay5wZGZPEQFyAAAAAAFyAAIAAAVNYWNIRAAAAAAAAAAAAAAAAAAAAAAAAAAAAAAAAAAAQkQAAf////8SMjAxMC1Ib2NoYnJ1Y2sucGRmAAAAAAAAAAAAAAAAAAAAAAAAAAAAAAAAAAAAAAAAAAAAAAAAAAAAAAAAAAAA/////wAAAAAAAAAAAAAAAAACAAQAAAogY3UAAAAAAAAAAAAAAAAAA3BkZgAAAgBBLzpVc2Vyczpqb3NzZWxpbjpQdWJsaWM6bWlNYVM6YmlibGlvZ3JhcGh5OnBkZjoyMDEwLUhvY2hicnVjay5wZGYAAA4AJgASADIAMAAxADAALQBIAG8AYwBoAGIAcgB1AGMAawAuAHAAZABmAA8ADAAFAE0AYQBjAEgARAASAD9Vc2Vycy9qb3NzZWxpbi9QdWJsaWMvbWlNYVMvYmlibGlvZ3JhcGh5L3BkZi8yMDEwLUhvY2hicnVjay5wZGYAABMAAS8AABUAAgAP//8AAAAIAA0AGgAkAFYAAAAAAAACAQAAAAAAAAAFAAAAAAAAAAAAAAAAAAABzA==}}

@article{Crouseilles:2018,
	Annote = {exprk22: This is the method at the beginning of section 2.3 },
	Author = {Nicolas Crouseilles and Lukas Einkemmer and Martina Prugger},
	Date-Added = {2019-04-24 22:01:26 +0200},
	Date-Modified = {2019-04-24 22:04:52 +0200},
	Doi = {10.1016/j.cpc.2017.11.003},
	Journal = {Computer Physics Communications},
	Keywords = {expRK},
	Pages = {144-153},
	Title = {An exponential integrator for the drift-kinetic model},
	Volume = {224},
	Year = {2018},
	Bdsk-File-1 = {YnBsaXN0MDDSAQIDBFxyZWxhdGl2ZVBhdGhZYWxpYXNEYXRhXxAxLi4vLi4vbWlNYVMvYmlibGlvZ3JhcGh5L3BkZi8yMDE4LUNyb3VzZWlsbGVzLnBkZk8RAXoAAAAAAXoAAgAABU1hY0hEAAAAAAAAAAAAAAAAAAAAAAAAAAAAAAAAAABCRAAB/////xQyMDE4LUNyb3VzZWlsbGVzLnBkZgAAAAAAAAAAAAAAAAAAAAAAAAAAAAAAAAAAAAAAAAAAAAAAAAAAAAAAAAD/////AAAAAAAAAAAAAAAAAAIABAAACiBjdQAAAAAAAAAAAAAAAAADcGRmAAACAEMvOlVzZXJzOmpvc3NlbGluOlB1YmxpYzptaU1hUzpiaWJsaW9ncmFwaHk6cGRmOjIwMTgtQ3JvdXNlaWxsZXMucGRmAAAOACoAFAAyADAAMQA4AC0AQwByAG8AdQBzAGUAaQBsAGwAZQBzAC4AcABkAGYADwAMAAUATQBhAGMASABEABIAQVVzZXJzL2pvc3NlbGluL1B1YmxpYy9taU1hUy9iaWJsaW9ncmFwaHkvcGRmLzIwMTgtQ3JvdXNlaWxsZXMucGRmAAATAAEvAAAVAAIAD///AAAACAANABoAJABYAAAAAAAAAgEAAAAAAAAABQAAAAAAAAAAAAAAAAAAAdY=}}

@article{Hochbruck:2005,
	Annote = {Cox-Matthews: This is the method (5.15)
Krogstad: This is the method (5.16)
exprk33: This is the method in eq (5.8) with c_2=1 },
	Author = {Marlis Hochbruck and Alexander Ostermann},
	Date-Added = {2019-04-24 21:43:32 +0200},
	Date-Modified = {2019-04-24 22:05:11 +0200},
	Doi = {10.1137/040611434},
	Journal = {SIAM Journal on Numerical Analysis},
	Keywords = {expRK},
	Number = {3},
	Pages = {1069-1090},
	Title = {Explicit Exponential Runge--Kutta Methods for Semilinear Parabolic Problems},
	Volume = {43},
	Year = {2005},
	Bdsk-File-1 = {YnBsaXN0MDDSAQIDBFxyZWxhdGl2ZVBhdGhZYWxpYXNEYXRhXxAvLi4vLi4vbWlNYVMvYmlibGlvZ3JhcGh5L3BkZi8yMDA1LUhvY2hicnVjay5wZGZPEQFyAAAAAAFyAAIAAAVNYWNIRAAAAAAAAAAAAAAAAAAAAAAAAAAAAAAAAAAAQkQAAf////8SMjAwNS1Ib2NoYnJ1Y2sucGRmAAAAAAAAAAAAAAAAAAAAAAAAAAAAAAAAAAAAAAAAAAAAAAAAAAAAAAAAAAAA/////wAAAAAAAAAAAAAAAAACAAQAAAogY3UAAAAAAAAAAAAAAAAAA3BkZgAAAgBBLzpVc2Vyczpqb3NzZWxpbjpQdWJsaWM6bWlNYVM6YmlibGlvZ3JhcGh5OnBkZjoyMDA1LUhvY2hicnVjay5wZGYAAA4AJgASADIAMAAwADUALQBIAG8AYwBoAGIAcgB1AGMAawAuAHAAZABmAA8ADAAFAE0AYQBjAEgARAASAD9Vc2Vycy9qb3NzZWxpbi9QdWJsaWMvbWlNYVMvYmlibGlvZ3JhcGh5L3BkZi8yMDA1LUhvY2hicnVjay5wZGYAABMAAS8AABUAAgAP//8AAAAIAA0AGgAkAFYAAAAAAAACAQAAAAAAAAAFAAAAAAAAAAAAAAAAAAABzA==}}

@article{Borges:2008,
	Author = {Rafael Borges and Monique Carmona and Bruno Costa and Wai Sun Don},
	Date-Added = {2019-04-11 10:01:34 +0200},
	Date-Modified = {2019-04-11 10:02:47 +0200},
	Doi = {10.1016/j.jcp.2007.11.038},
	Journal = {Journal of Computational Physics},
	Keywords = {WENO, WENO-Z},
	Number = {6},
	Pages = {3191-3211},
	Title = {An improved weighted essentially non-oscillatory scheme for hyperbolic conservation laws},
	Volume = {227},
	Year = {2008},
	Bdsk-File-1 = {YnBsaXN0MDDSAQIDBFxyZWxhdGl2ZVBhdGhZYWxpYXNEYXRhXxAsLi4vLi4vbWlNYVMvYmlibGlvZ3JhcGh5L3BkZi8yMDA4LUJvcmdlcy5wZGZPEQFkAAAAAAFkAAIAAAVNYWNIRAAAAAAAAAAAAAAAAAAAAAAAAAAAAAAAAAAAQkQAAf////8PMjAwOC1Cb3JnZXMucGRmAAAAAAAAAAAAAAAAAAAAAAAAAAAAAAAAAAAAAAAAAAAAAAAAAAAAAAAAAAAAAAAA/////wAAAAAAAAAAAAAAAAACAAQAAAogY3UAAAAAAAAAAAAAAAAAA3BkZgAAAgA+LzpVc2Vyczpqb3NzZWxpbjpQdWJsaWM6bWlNYVM6YmlibGlvZ3JhcGh5OnBkZjoyMDA4LUJvcmdlcy5wZGYADgAgAA8AMgAwADAAOAAtAEIAbwByAGcAZQBzAC4AcABkAGYADwAMAAUATQBhAGMASABEABIAPFVzZXJzL2pvc3NlbGluL1B1YmxpYy9taU1hUy9iaWJsaW9ncmFwaHkvcGRmLzIwMDgtQm9yZ2VzLnBkZgATAAEvAAAVAAIAD///AAAACAANABoAJABTAAAAAAAAAgEAAAAAAAAABQAAAAAAAAAAAAAAAAAAAbs=}}

@article{Henrick:2005,
	Author = {Andrew K. Henrick and Tariq D. Aslam and Joseph M. Powers},
	Date-Added = {2019-04-11 09:56:33 +0200},
	Date-Modified = {2019-04-11 09:58:17 +0200},
	Doi = {10.1016/j.jcp.2005.01.023},
	Journal = {Journal of Computational Physics},
	Keywords = {WENO, WENO-M},
	Number = {2},
	Pages = {542-567},
	Title = {Mapped weighted essentially non-oscillatory schemes: Achieving optimal order near critical points},
	Volume = {207},
	Year = {2005},
	Bdsk-File-1 = {YnBsaXN0MDDSAQIDBFxyZWxhdGl2ZVBhdGhZYWxpYXNEYXRhXxAtLi4vLi4vbWlNYVMvYmlibGlvZ3JhcGh5L3BkZi8yMDA1LUhlbnJpY2sucGRmTxEBagAAAAABagACAAAFTWFjSEQAAAAAAAAAAAAAAAAAAAAAAAAAAAAAAAAAAEJEAAH/////EDIwMDUtSGVucmljay5wZGYAAAAAAAAAAAAAAAAAAAAAAAAAAAAAAAAAAAAAAAAAAAAAAAAAAAAAAAAAAAAAAP////8AAAAAAAAAAAAAAAAAAgAEAAAKIGN1AAAAAAAAAAAAAAAAAANwZGYAAAIAPy86VXNlcnM6am9zc2VsaW46UHVibGljOm1pTWFTOmJpYmxpb2dyYXBoeTpwZGY6MjAwNS1IZW5yaWNrLnBkZgAADgAiABAAMgAwADAANQAtAEgAZQBuAHIAaQBjAGsALgBwAGQAZgAPAAwABQBNAGEAYwBIAEQAEgA9VXNlcnMvam9zc2VsaW4vUHVibGljL21pTWFTL2JpYmxpb2dyYXBoeS9wZGYvMjAwNS1IZW5yaWNrLnBkZgAAEwABLwAAFQACAA///wAAAAgADQAaACQAVAAAAAAAAAIBAAAAAAAAAAUAAAAAAAAAAAAAAAAAAAHC}}

@book{Barth:1999,
	Date-Added = {2019-03-20 14:55:02 +0100},
	Date-Modified = {2019-04-30 07:24:39 +0200},
	Doi = {10.1007/978-3-662-03882-6},
	Editor = {Barth, Timothy J. and Deconinck, Herman},
	Isbn = {3-540-65893-9},
	Mrclass = {76-06 (76Mxx)},
	Mrnumber = {1712276},
	Pages = {viii+582},
	Publisher = {Springer-Verlag, Berlin},
	Series = {Lecture Notes in Computational Science and Engineering},
	Title = {High-order methods for computational physics},
	Url = {https://doi.org/10.1007/978-3-662-03882-6},
	Volume = {9},
	Year = {1999},
	Bdsk-File-1 = {YnBsaXN0MDDSAQIDBFxyZWxhdGl2ZVBhdGhZYWxpYXNEYXRhXxArLi4vLi4vbWlNYVMvYmlibGlvZ3JhcGh5L3BkZi8xOTk5LUJhcnRoLnBkZk8RAWIAAAAAAWIAAgAABU1hY0hEAAAAAAAAAAAAAAAAAAAAAAAAAAAAAAAAAABCRAAB/////w4xOTk5LUJhcnRoLnBkZgAAAAAAAAAAAAAAAAAAAAAAAAAAAAAAAAAAAAAAAAAAAAAAAAAAAAAAAAAAAAAAAAD/////AAAAAAAAAAAAAAAAAAIABAAACiBjdQAAAAAAAAAAAAAAAAADcGRmAAACAD0vOlVzZXJzOmpvc3NlbGluOlB1YmxpYzptaU1hUzpiaWJsaW9ncmFwaHk6cGRmOjE5OTktQmFydGgucGRmAAAOAB4ADgAxADkAOQA5AC0AQgBhAHIAdABoAC4AcABkAGYADwAMAAUATQBhAGMASABEABIAO1VzZXJzL2pvc3NlbGluL1B1YmxpYy9taU1hUy9iaWJsaW9ncmFwaHkvcGRmLzE5OTktQmFydGgucGRmAAATAAEvAAAVAAIAD///AAAACAANABoAJABSAAAAAAAAAgEAAAAAAAAABQAAAAAAAAAAAAAAAAAAAbg=},
	Bdsk-Url-1 = {https://doi.org/10.1007/978-3-662-03882-6}}

@inbook{Shu:1999,
	Abstract = {In these lectures we present the basic ideas and recent development in the construction, analysis, and implementation of ENO (Essentially Non-Oscillatory) and WENO (Weighted Essentially Non-Oscillatory) schemes and their applications to computational fluid dynamics. ENO and WENO schemes are high order accurate finite difference or finite volume schemes designed for problems with piecewise smooth solutions containing discontinuities. The key idea lies at the approximation level, where a nonlinear adaptive procedure is used to automatically choose the locally smoothest stencil, hence avoiding crossing discontinuities in the interpolation procedure as much as possible. ENO and WENO schemes have been quite successful in computational fluid dynamics and other applications, especially for problems containing both shocks and complicated smooth solution structures, such as compressible turbulence simulations and aeroacoustics.},
	Address = {Berlin, Heidelberg},
	Author = {Shu, Chi-Wang},
	Booktitle = {High-Order Methods for Computational Physics},
	Date-Added = {2019-03-20 14:39:27 +0100},
	Date-Modified = {2019-03-20 14:40:43 +0100},
	Doi = {10.1007/978-3-662-03882-6_5},
	Editor = {Barth, Timothy J. and Deconinck, Herman},
	Isbn = {978-3-662-03882-6},
	Pages = {439--582},
	Publisher = {Springer Berlin Heidelberg},
	Title = {High Order ENO and WENO Schemes for Computational Fluid Dynamics},
	Url = {https://doi.org/10.1007/978-3-662-03882-6_5},
	Year = {1999},
	Bdsk-File-1 = {YnBsaXN0MDDSAQIDBFxyZWxhdGl2ZVBhdGhZYWxpYXNEYXRhXxArLi4vLi4vbWlNYVMvYmlibGlvZ3JhcGh5L3BkZi8xOTk5LUJhcnRoLnBkZk8RAWIAAAAAAWIAAgAABU1hY0hEAAAAAAAAAAAAAAAAAAAAAAAAAAAAAAAAAABCRAAB/////w4xOTk5LUJhcnRoLnBkZgAAAAAAAAAAAAAAAAAAAAAAAAAAAAAAAAAAAAAAAAAAAAAAAAAAAAAAAAAAAAAAAAD/////AAAAAAAAAAAAAAAAAAIABAAACiBjdQAAAAAAAAAAAAAAAAADcGRmAAACAD0vOlVzZXJzOmpvc3NlbGluOlB1YmxpYzptaU1hUzpiaWJsaW9ncmFwaHk6cGRmOjE5OTktQmFydGgucGRmAAAOAB4ADgAxADkAOQA5AC0AQgBhAHIAdABoAC4AcABkAGYADwAMAAUATQBhAGMASABEABIAO1VzZXJzL2pvc3NlbGluL1B1YmxpYy9taU1hUy9iaWJsaW9ncmFwaHkvcGRmLzE5OTktQmFydGgucGRmAAATAAEvAAAVAAIAD///AAAACAANABoAJABSAAAAAAAAAgEAAAAAAAAABQAAAAAAAAAAAAAAAAAAAbg=},
	Bdsk-Url-1 = {https://doi.org/10.1007/978-3-662-03882-6_5}}

@book{Iserles:1991,
	Author = {A. Iserles and S. P. N{\o}rsett},
	Date-Added = {2019-03-05 15:43:07 +0100},
	Date-Modified = {2019-03-05 15:45:44 +0100},
	Publisher = {Springer},
	Title = {Order Stars},
	Year = {1991},
	Bdsk-File-1 = {YnBsaXN0MDDSAQIDBFxyZWxhdGl2ZVBhdGhZYWxpYXNEYXRhXxAtLi4vLi4vbWlNYVMvYmlibGlvZ3JhcGh5L3BkZi8xOTkxLUlzZXJsZXMucGRmTxEBagAAAAABagACAAAFTWFjSEQAAAAAAAAAAAAAAAAAAAAAAAAAAAAAAAAAAEJEAAH/////EDE5OTEtSXNlcmxlcy5wZGYAAAAAAAAAAAAAAAAAAAAAAAAAAAAAAAAAAAAAAAAAAAAAAAAAAAAAAAAAAAAAAP////8AAAAAAAAAAAAAAAAAAgAEAAAKIGN1AAAAAAAAAAAAAAAAAANwZGYAAAIAPy86VXNlcnM6am9zc2VsaW46UHVibGljOm1pTWFTOmJpYmxpb2dyYXBoeTpwZGY6MTk5MS1Jc2VybGVzLnBkZgAADgAiABAAMQA5ADkAMQAtAEkAcwBlAHIAbABlAHMALgBwAGQAZgAPAAwABQBNAGEAYwBIAEQAEgA9VXNlcnMvam9zc2VsaW4vUHVibGljL21pTWFTL2JpYmxpb2dyYXBoeS9wZGYvMTk5MS1Jc2VybGVzLnBkZgAAEwABLwAAFQACAA///wAAAAgADQAaACQAVAAAAAAAAAIBAAAAAAAAAAUAAAAAAAAAAAAAAAAAAAHC}}

@mastersthesis{Holderied:2019,
	Annote = {Nicolas m'a aussi envoy{\'e} le code qui va avec (19 f{\'e}vrier)},
	Author = {Florian Holderied},
	Date-Added = {2019-02-19 13:13:08 +0100},
	Date-Modified = {2019-04-25 10:13:47 +0200},
	Keywords = {physics},
	School = {Technische Universit{\"a}t M{\"u}nchen},
	Title = {Investigation of Finite Element Methods for a 4D Hyrbid Plasma Model},
	Year = {2019},
	Bdsk-File-1 = {YnBsaXN0MDDSAQIDBFxyZWxhdGl2ZVBhdGhZYWxpYXNEYXRhXxAvLi4vLi4vbWlNYVMvYmlibGlvZ3JhcGh5L3BkZi8yMDE5LUhvbGRlcmllZC5wZGZPEQFyAAAAAAFyAAIAAAVNYWNIRAAAAAAAAAAAAAAAAAAAAAAAAAAAAAAAAAAAQkQAAf////8SMjAxOS1Ib2xkZXJpZWQucGRmAAAAAAAAAAAAAAAAAAAAAAAAAAAAAAAAAAAAAAAAAAAAAAAAAAAAAAAAAAAA/////wAAAAAAAAAAAAAAAAACAAQAAAogY3UAAAAAAAAAAAAAAAAAA3BkZgAAAgBBLzpVc2Vyczpqb3NzZWxpbjpQdWJsaWM6bWlNYVM6YmlibGlvZ3JhcGh5OnBkZjoyMDE5LUhvbGRlcmllZC5wZGYAAA4AJgASADIAMAAxADkALQBIAG8AbABkAGUAcgBpAGUAZAAuAHAAZABmAA8ADAAFAE0AYQBjAEgARAASAD9Vc2Vycy9qb3NzZWxpbi9QdWJsaWMvbWlNYVMvYmlibGlvZ3JhcGh5L3BkZi8yMDE5LUhvbGRlcmllZC5wZGYAABMAAS8AABUAAgAP//8AAAAIAA0AGgAkAFYAAAAAAAACAQAAAAAAAAAFAAAAAAAAAAAAAAAAAAABzA==}}

@mastersthesis{Ali:2018,
	Author = {Asad Ali},
	Date-Added = {2019-01-17 09:47:38 +0100},
	Date-Modified = {2019-02-19 13:15:40 +0100},
	School = {Technische Universit{\"a}t M{\"u}nchen},
	Title = {Hybrid algorithm for the Vlasov-Poisson system},
	Type = {Computational Science and Engineering (International Master's Program)},
	Year = {2018},
	Bdsk-File-1 = {YnBsaXN0MDDSAQIDBFxyZWxhdGl2ZVBhdGhZYWxpYXNEYXRhXxAQcGRmLzIwMTgtQWxpLnBkZk8RAVoAAAAAAVoAAgAABU1hY0hEAAAAAAAAAAAAAAAAAAAAAAAAAAAAAAAAAABCRAAB/////wwyMDE4LUFsaS5wZGYAAAAAAAAAAAAAAAAAAAAAAAAAAAAAAAAAAAAAAAAAAAAAAAAAAAAAAAAAAAAAAAAAAAD/////AAAAAAAAAAAAAAAAAAEAAwAACiBjdQAAAAAAAAAAAAAAAAADcGRmAAACADsvOlVzZXJzOmpvc3NlbGluOlB1YmxpYzpkcmFmdDpiaWJsaW9ncmFwaHk6cGRmOjIwMTgtQWxpLnBkZgAADgAaAAwAMgAwADEAOAAtAEEAbABpAC4AcABkAGYADwAMAAUATQBhAGMASABEABIAOVVzZXJzL2pvc3NlbGluL1B1YmxpYy9kcmFmdC9iaWJsaW9ncmFwaHkvcGRmLzIwMTgtQWxpLnBkZgAAEwABLwAAFQACAA///wAAAAgADQAaACQANwAAAAAAAAIBAAAAAAAAAAUAAAAAAAAAAAAAAAAAAAGV}}

@article{Banks:2019,
	Author = {Banks, Jeffrey W. and Odu, Andre Gianesini. and Berger, Richard. and Chapman, Thomas. and Arrighi, William. and Brunner, Stephan.},
	Date-Added = {2019-01-16 17:14:28 +0100},
	Date-Modified = {2019-10-23 15:50:51 +0200},
	Doi = {10.1137/19M1238551},
	Journal = {SIAM Journal on Scientific Computing},
	Keywords = {BWENO},
	Number = {5},
	Pages = {B953-B982},
	Title = {High order accurate conservative finite difference methods for Vlasov equations in 2D+2V},
	Volume = {41},
	Year = {2019},
	Bdsk-File-1 = {YnBsaXN0MDDSAQIDBFxyZWxhdGl2ZVBhdGhZYWxpYXNEYXRhXxAuLi4vLi4vbWlNYVMvYmlibGlvZ3JhcGh5L3BkZi8yMDE5LUJhbmtzKDEpLnBkZk8RAWwAAAAAAWwAAgAABU1hY0hEAAAAAAAAAAAAAAAAAAAAAAAAAAAAAAAAAABCRAAB/////xEyMDE5LUJhbmtzKDEpLnBkZgAAAAAAAAAAAAAAAAAAAAAAAAAAAAAAAAAAAAAAAAAAAAAAAAAAAAAAAAAAAAD/////AAAAAAAAAAAAAAAAAAIABAAACiBjdQAAAAAAAAAAAAAAAAADcGRmAAACAEAvOlVzZXJzOmpvc3NlbGluOlB1YmxpYzptaU1hUzpiaWJsaW9ncmFwaHk6cGRmOjIwMTktQmFua3MoMSkucGRmAA4AJAARADIAMAAxADkALQBCAGEAbgBrAHMAKAAxACkALgBwAGQAZgAPAAwABQBNAGEAYwBIAEQAEgA+VXNlcnMvam9zc2VsaW4vUHVibGljL21pTWFTL2JpYmxpb2dyYXBoeS9wZGYvMjAxOS1CYW5rcygxKS5wZGYAEwABLwAAFQACAA///wAAAAgADQAaACQAVQAAAAAAAAIBAAAAAAAAAAUAAAAAAAAAAAAAAAAAAAHF},
	Bdsk-File-2 = {YnBsaXN0MDDSAQIDBFxyZWxhdGl2ZVBhdGhZYWxpYXNEYXRhXxAuLi4vLi4vbWlNYVMvYmlibGlvZ3JhcGh5L3BkZi8yMDE5LUJhbmtzKDIpLnBkZk8RAWwAAAAAAWwAAgAABU1hY0hEAAAAAAAAAAAAAAAAAAAAAAAAAAAAAAAAAABCRAAB/////xEyMDE5LUJhbmtzKDIpLnBkZgAAAAAAAAAAAAAAAAAAAAAAAAAAAAAAAAAAAAAAAAAAAAAAAAAAAAAAAAAAAAD/////AAAAAAAAAAAAAAAAAAIABAAACiBjdQAAAAAAAAAAAAAAAAADcGRmAAACAEAvOlVzZXJzOmpvc3NlbGluOlB1YmxpYzptaU1hUzpiaWJsaW9ncmFwaHk6cGRmOjIwMTktQmFua3MoMikucGRmAA4AJAARADIAMAAxADkALQBCAGEAbgBrAHMAKAAyACkALgBwAGQAZgAPAAwABQBNAGEAYwBIAEQAEgA+VXNlcnMvam9zc2VsaW4vUHVibGljL21pTWFTL2JpYmxpb2dyYXBoeS9wZGYvMjAxOS1CYW5rcygyKS5wZGYAEwABLwAAFQACAA///wAAAAgADQAaACQAVQAAAAAAAAIBAAAAAAAAAAUAAAAAAAAAAAAAAAAAAAHF}}

@article{Spiteri:2002,
	Author = {Raymond J. Spiteri and Steven J. Ruuth},
	Date-Added = {2018-12-20 09:06:12 +0100},
	Date-Modified = {2018-12-20 09:09:36 +0100},
	Doi = {10.1137/S0036142901389025},
	Journal = {Journal on Numerical Analysis},
	Keywords = {RK ; tableau de Butcher},
	Number = {2},
	Pages = {469-491},
	Title = {A New Class of Optimal High-Order Strong-Stability-Preserving Time Discretization Methods},
	Volume = {40},
	Year = {2002},
	Bdsk-File-1 = {YnBsaXN0MDDSAQIDBFxyZWxhdGl2ZVBhdGhZYWxpYXNEYXRhXxAtLi4vLi4vbWlNYVMvYmlibGlvZ3JhcGh5L3BkZi8yMDAyLVNwaXRlcmkucGRmTxEBagAAAAABagACAAAFTWFjSEQAAAAAAAAAAAAAAAAAAAAAAAAAAAAAAAAAAEJEAAH/////EDIwMDItU3BpdGVyaS5wZGYAAAAAAAAAAAAAAAAAAAAAAAAAAAAAAAAAAAAAAAAAAAAAAAAAAAAAAAAAAAAAAP////8AAAAAAAAAAAAAAAAAAgAEAAAKIGN1AAAAAAAAAAAAAAAAAANwZGYAAAIAPy86VXNlcnM6am9zc2VsaW46UHVibGljOm1pTWFTOmJpYmxpb2dyYXBoeTpwZGY6MjAwMi1TcGl0ZXJpLnBkZgAADgAiABAAMgAwADAAMgAtAFMAcABpAHQAZQByAGkALgBwAGQAZgAPAAwABQBNAGEAYwBIAEQAEgA9VXNlcnMvam9zc2VsaW4vUHVibGljL21pTWFTL2JpYmxpb2dyYXBoeS9wZGYvMjAwMi1TcGl0ZXJpLnBkZgAAEwABLwAAFQACAA///wAAAAgADQAaACQAVAAAAAAAAAIBAAAAAAAAAAUAAAAAAAAAAAAAAAAAAAHC},
	Bdsk-Url-1 = {https://doi.org/10.1137/S0036142901389025}}

@url{Ketcheson:2015,
	Author = {David Ketcheson},
	Date-Added = {2018-12-05 10:59:43 +0000},
	Date-Modified = {2018-12-17 01:43:42 +0100},
	Keywords = {python},
	Title = {NodePy (Numerical ODEs in Python) softwate version 0.6},
	Url = {http://github.com/ketch/nodepy},
	Urldate = {2018-12-05},
	Year = {2015},
	Bdsk-Url-1 = {https://nodepy.readthedocs.io/en/latest/},
	Bdsk-Url-2 = {http://github.com/ketch/nodepy}}

@article{Filbet:2018,
	Author = {Francis Filbet and Tao Xiong},
	Date-Added = {2018-12-04 10:27:03 +0000},
	Date-Modified = {2018-12-05 13:24:40 +0000},
	Doi = {10.1016/j.jcp.2018.06.064},
	Journal = {Journal of Computational Physics},
	Number = {1},
	Pages = {841-863},
	Title = {A hybrid discontinuous Galrkin scheme for mulit-scale kinetic equations},
	Volume = {372},
	Year = {2018},
	Bdsk-File-1 = {YnBsaXN0MDDSAQIDBFxyZWxhdGl2ZVBhdGhZYWxpYXNEYXRhXxAvLi4vLi4vbWlNYVMvYmlibGlvZ3JhcGh5L3BkZi8yMDE4LUZpbGJldCgxKS5wZGZPEQFyAAAAAAFyAAIAAAVNYWNIRAAAAAAAAAAAAAAAAAAAAAAAAAAAAAAAAAAAQkQAAf////8SMjAxOC1GaWxiZXQoMSkucGRmAAAAAAAAAAAAAAAAAAAAAAAAAAAAAAAAAAAAAAAAAAAAAAAAAAAAAAAAAAAA/////wAAAAAAAAAAAAAAAAACAAQAAAogY3UAAAAAAAAAAAAAAAAAA3BkZgAAAgBBLzpVc2Vyczpqb3NzZWxpbjpQdWJsaWM6bWlNYVM6YmlibGlvZ3JhcGh5OnBkZjoyMDE4LUZpbGJldCgxKS5wZGYAAA4AJgASADIAMAAxADgALQBGAGkAbABiAGUAdAAoADEAKQAuAHAAZABmAA8ADAAFAE0AYQBjAEgARAASAD9Vc2Vycy9qb3NzZWxpbi9QdWJsaWMvbWlNYVMvYmlibGlvZ3JhcGh5L3BkZi8yMDE4LUZpbGJldCgxKS5wZGYAABMAAS8AABUAAgAP//8AAAAIAA0AGgAkAFYAAAAAAAACAQAAAAAAAAAFAAAAAAAAAAAAAAAAAAABzA==},
	Bdsk-File-2 = {YnBsaXN0MDDSAQIDBFxyZWxhdGl2ZVBhdGhZYWxpYXNEYXRhXxAvLi4vLi4vbWlNYVMvYmlibGlvZ3JhcGh5L3BkZi8yMDE4LUZpbGJldCgyKS5wZGZPEQFyAAAAAAFyAAIAAAVNYWNIRAAAAAAAAAAAAAAAAAAAAAAAAAAAAAAAAAAAQkQAAf////8SMjAxOC1GaWxiZXQoMikucGRmAAAAAAAAAAAAAAAAAAAAAAAAAAAAAAAAAAAAAAAAAAAAAAAAAAAAAAAAAAAA/////wAAAAAAAAAAAAAAAAACAAQAAAogY3UAAAAAAAAAAAAAAAAAA3BkZgAAAgBBLzpVc2Vyczpqb3NzZWxpbjpQdWJsaWM6bWlNYVM6YmlibGlvZ3JhcGh5OnBkZjoyMDE4LUZpbGJldCgyKS5wZGYAAA4AJgASADIAMAAxADgALQBGAGkAbABiAGUAdAAoADIAKQAuAHAAZABmAA8ADAAFAE0AYQBjAEgARAASAD9Vc2Vycy9qb3NzZWxpbi9QdWJsaWMvbWlNYVMvYmlibGlvZ3JhcGh5L3BkZi8yMDE4LUZpbGJldCgyKS5wZGYAABMAAS8AABUAAgAP//8AAAAIAA0AGgAkAFYAAAAAAAACAQAAAAAAAAAFAAAAAAAAAAAAAAAAAAABzA==},
	Bdsk-Url-1 = {https://doi.org/10.1016/j.jcp.2018.06.064}}

@article{Charles:2012,
	Author = {Fr{\'e}d{\'e}rique Charles and Bruno Despr{\'e}s and Michel Mehrenberger},
	Date-Added = {2018-12-04 09:16:55 +0000},
	Date-Modified = {2018-12-05 13:12:36 +0000},
	Doi = {10.1137/110851511},
	Journal = {Journal on Numerical Analysis},
	Number = {2},
	Title = {nhanced Convergence Estimates for Semi-Lagrangian Schemes Application to the Vlasov--Poisson Equation},
	Volume = {51},
	Year = {2012},
	Bdsk-File-1 = {YnBsaXN0MDDSAQIDBFxyZWxhdGl2ZVBhdGhZYWxpYXNEYXRhXxAtLi4vLi4vbWlNYVMvYmlibGlvZ3JhcGh5L3BkZi8yMDEyLUNoYXJsZXMucGRmTxEBagAAAAABagACAAAFTWFjSEQAAAAAAAAAAAAAAAAAAAAAAAAAAAAAAAAAAEJEAAH/////EDIwMTItQ2hhcmxlcy5wZGYAAAAAAAAAAAAAAAAAAAAAAAAAAAAAAAAAAAAAAAAAAAAAAAAAAAAAAAAAAAAAAP////8AAAAAAAAAAAAAAAAAAgAEAAAKIGN1AAAAAAAAAAAAAAAAAANwZGYAAAIAPy86VXNlcnM6am9zc2VsaW46UHVibGljOm1pTWFTOmJpYmxpb2dyYXBoeTpwZGY6MjAxMi1DaGFybGVzLnBkZgAADgAiABAAMgAwADEAMgAtAEMAaABhAHIAbABlAHMALgBwAGQAZgAPAAwABQBNAGEAYwBIAEQAEgA9VXNlcnMvam9zc2VsaW4vUHVibGljL21pTWFTL2JpYmxpb2dyYXBoeS9wZGYvMjAxMi1DaGFybGVzLnBkZgAAEwABLwAAFQACAA///wAAAAgADQAaACQAVAAAAAAAAAIBAAAAAAAAAAUAAAAAAAAAAAAAAAAAAAHC},
	Bdsk-Url-1 = {https://doi.org/10.1137/110851511}}

@article{Degond:2005,
	Author = {Pierre Degond and Shi Jin and Luc Mieussens},
	Date-Added = {2018-12-04 09:14:24 +0000},
	Date-Modified = {2018-12-05 13:05:42 +0000},
	Doi = {10.1016/j.jcp.2005.03.025},
	Journal = {Journal of Computational Physics},
	Number = {2},
	Pages = {665-694},
	Title = {A smooth transition model between kinetic and hydrodynamic equations},
	Volume = {209},
	Year = {2005},
	Bdsk-File-1 = {YnBsaXN0MDDSAQIDBFxyZWxhdGl2ZVBhdGhZYWxpYXNEYXRhXxAsLi4vLi4vbWlNYVMvYmlibGlvZ3JhcGh5L3BkZi8yMDA1LURlZ29uZC5wZGZPEQFkAAAAAAFkAAIAAAVNYWNIRAAAAAAAAAAAAAAAAAAAAAAAAAAAAAAAAAAAQkQAAf////8PMjAwNS1EZWdvbmQucGRmAAAAAAAAAAAAAAAAAAAAAAAAAAAAAAAAAAAAAAAAAAAAAAAAAAAAAAAAAAAAAAAA/////wAAAAAAAAAAAAAAAAACAAQAAAogY3UAAAAAAAAAAAAAAAAAA3BkZgAAAgA+LzpVc2Vyczpqb3NzZWxpbjpQdWJsaWM6bWlNYVM6YmlibGlvZ3JhcGh5OnBkZjoyMDA1LURlZ29uZC5wZGYADgAgAA8AMgAwADAANQAtAEQAZQBnAG8AbgBkAC4AcABkAGYADwAMAAUATQBhAGMASABEABIAPFVzZXJzL2pvc3NlbGluL1B1YmxpYy9taU1hUy9iaWJsaW9ncmFwaHkvcGRmLzIwMDUtRGVnb25kLnBkZgATAAEvAAAVAAIAD///AAAACAANABoAJABTAAAAAAAAAgEAAAAAAAAABQAAAAAAAAAAAAAAAAAAAbs=},
	Bdsk-Url-1 = {https://doi.org/10.1016/j.jcp.2005.03.025}}

@article{Alexander:1976,
	Author = {Roger Alexander},
	Date-Added = {2018-12-04 09:11:04 +0000},
	Date-Modified = {2018-12-17 10:51:17 +0100},
	Doi = {10.1137/0714068},
	Journal = {Journal on Numerical Analysis},
	Keywords = {DIRK},
	Number = {16},
	Pages = {1006-1021},
	Title = {Diagonally Implicit Runge--Kutta Methods for Stiff O.D.E.'s},
	Volume = {14},
	Year = {1976},
	Bdsk-File-1 = {YnBsaXN0MDDSAQIDBFxyZWxhdGl2ZVBhdGhZYWxpYXNEYXRhXxAvLi4vLi4vbWlNYVMvYmlibGlvZ3JhcGh5L3BkZi8xOTc2LUFsZXhhbmRlci5wZGZPEQFyAAAAAAFyAAIAAAVNYWNIRAAAAAAAAAAAAAAAAAAAAAAAAAAAAAAAAAAAQkQAAf////8SMTk3Ni1BbGV4YW5kZXIucGRmAAAAAAAAAAAAAAAAAAAAAAAAAAAAAAAAAAAAAAAAAAAAAAAAAAAAAAAAAAAA/////wAAAAAAAAAAAAAAAAACAAQAAAogY3UAAAAAAAAAAAAAAAAAA3BkZgAAAgBBLzpVc2Vyczpqb3NzZWxpbjpQdWJsaWM6bWlNYVM6YmlibGlvZ3JhcGh5OnBkZjoxOTc2LUFsZXhhbmRlci5wZGYAAA4AJgASADEAOQA3ADYALQBBAGwAZQB4AGEAbgBkAGUAcgAuAHAAZABmAA8ADAAFAE0AYQBjAEgARAASAD9Vc2Vycy9qb3NzZWxpbi9QdWJsaWMvbWlNYVMvYmlibGlvZ3JhcGh5L3BkZi8xOTc2LUFsZXhhbmRlci5wZGYAABMAAS8AABUAAgAP//8AAAAIAA0AGgAkAFYAAAAAAAACAQAAAAAAAAAFAAAAAAAAAAAAAAAAAAABzA==},
	Bdsk-Url-1 = {https://doi.org/10.1137/0714068}}

@article{Lawson:1967,
	Author = {J. Douglas Lawson},
	Date-Added = {2018-12-04 09:09:08 +0000},
	Date-Modified = {2018-12-04 09:21:16 +0000},
	Doi = {10.1137/0704056},
	Journal = {Journal on Numerical Analysis},
	Title = {An Order Six Runge-Kutta Process with Extended Region of Stability},
	Year = {1967},
	Bdsk-File-1 = {YnBsaXN0MDDSAQIDBFxyZWxhdGl2ZVBhdGhZYWxpYXNEYXRhXxAsLi4vLi4vbWlNYVMvYmlibGlvZ3JhcGh5L3BkZi8xOTY3LUxhd3Nvbi5wZGZPEQFkAAAAAAFkAAIAAAVNYWNIRAAAAAAAAAAAAAAAAAAAAAAAAAAAAAAAAAAAQkQAAf////8PMTk2Ny1MYXdzb24ucGRmAAAAAAAAAAAAAAAAAAAAAAAAAAAAAAAAAAAAAAAAAAAAAAAAAAAAAAAAAAAAAAAA/////wAAAAAAAAAAAAAAAAACAAQAAAogY3UAAAAAAAAAAAAAAAAAA3BkZgAAAgA+LzpVc2Vyczpqb3NzZWxpbjpQdWJsaWM6bWlNYVM6YmlibGlvZ3JhcGh5OnBkZjoxOTY3LUxhd3Nvbi5wZGYADgAgAA8AMQA5ADYANwAtAEwAYQB3AHMAbwBuAC4AcABkAGYADwAMAAUATQBhAGMASABEABIAPFVzZXJzL2pvc3NlbGluL1B1YmxpYy9taU1hUy9iaWJsaW9ncmFwaHkvcGRmLzE5NjctTGF3c29uLnBkZgATAAEvAAAVAAIAD///AAAACAANABoAJABTAAAAAAAAAgEAAAAAAAAABQAAAAAAAAAAAAAAAAAAAbs=},
	Bdsk-Url-1 = {https://doi.org/10.1137/0704056}}

@article{Xiao:1998,
	Author = {Fuliang Xiao and Richard M. Thorne and Danny Summers},
	Date-Added = {2018-12-04 07:45:42 +0000},
	Date-Modified = {2018-12-05 13:02:27 +0000},
	Doi = {10.1063/1.872932},
	Journal = {Physics of Plasmas},
	Keywords = {physics},
	Title = {Instability of electromagnetic R-mode waves in a relativistic plasma},
	Year = {1998},
	Bdsk-File-1 = {YnBsaXN0MDDSAQIDBFxyZWxhdGl2ZVBhdGhZYWxpYXNEYXRhXxAqLi4vLi4vbWlNYVMvYmlibGlvZ3JhcGh5L3BkZi8xOTk4LVhpYW8ucGRmTxEBXAAAAAABXAACAAAFTWFjSEQAAAAAAAAAAAAAAAAAAAAAAAAAAAAAAAAAAEJEAAH/////DTE5OTgtWGlhby5wZGYAAAAAAAAAAAAAAAAAAAAAAAAAAAAAAAAAAAAAAAAAAAAAAAAAAAAAAAAAAAAAAAAAAP////8AAAAAAAAAAAAAAAAAAgAEAAAKIGN1AAAAAAAAAAAAAAAAAANwZGYAAAIAPC86VXNlcnM6am9zc2VsaW46UHVibGljOm1pTWFTOmJpYmxpb2dyYXBoeTpwZGY6MTk5OC1YaWFvLnBkZgAOABwADQAxADkAOQA4AC0AWABpAGEAbwAuAHAAZABmAA8ADAAFAE0AYQBjAEgARAASADpVc2Vycy9qb3NzZWxpbi9QdWJsaWMvbWlNYVMvYmlibGlvZ3JhcGh5L3BkZi8xOTk4LVhpYW8ucGRmABMAAS8AABUAAgAP//8AAAAIAA0AGgAkAFEAAAAAAAACAQAAAAAAAAAFAAAAAAAAAAAAAAAAAAABsQ==},
	Bdsk-Url-1 = {https://doi.org/10.1063/1.872932}}

@article{Tao:2014,
	Author = {X. Tao},
	Date-Added = {2018-12-04 07:42:35 +0000},
	Date-Modified = {2018-12-05 13:19:42 +0000},
	Doi = {10.1002/2014JA019820},
	Journal = {Journal of Geophysical Research: Space Physics},
	Keywords = {physics},
	Title = {A numerical study of chorus generation and the related variation of wave intensity using the DAWN code},
	Year = {2014},
	Bdsk-File-1 = {YnBsaXN0MDDSAQIDBFxyZWxhdGl2ZVBhdGhZYWxpYXNEYXRhXxAQcGRmLzIwMTQtVGFvLnBkZk8RAVoAAAAAAVoAAgAABU1hY0hEAAAAAAAAAAAAAAAAAAAAAAAAAAAAAAAAAABCRAAB/////wwyMDE0LVRhby5wZGYAAAAAAAAAAAAAAAAAAAAAAAAAAAAAAAAAAAAAAAAAAAAAAAAAAAAAAAAAAAAAAAAAAAD/////AAAAAAAAAAAAAAAAAAEAAwAACiBjdQAAAAAAAAAAAAAAAAADcGRmAAACADsvOlVzZXJzOmpvc3NlbGluOlB1YmxpYzpkcmFmdDpiaWJsaW9ncmFwaHk6cGRmOjIwMTQtVGFvLnBkZgAADgAaAAwAMgAwADEANAAtAFQAYQBvAC4AcABkAGYADwAMAAUATQBhAGMASABEABIAOVVzZXJzL2pvc3NlbGluL1B1YmxpYy9kcmFmdC9iaWJsaW9ncmFwaHkvcGRmLzIwMTQtVGFvLnBkZgAAEwABLwAAFQACAA///wAAAAgADQAaACQANwAAAAAAAAIBAAAAAAAAAAUAAAAAAAAAAAAAAAAAAAGV},
	Bdsk-Url-1 = {https://doi.org/10.1002/2014JA019820}}

@misc{Holderied:2018,
	Author = {Florian Holderied},
	Date-Added = {2018-12-03 17:20:28 +0000},
	Date-Modified = {2018-12-04 07:47:13 +0000},
	Howpublished = {IPP},
	Keywords = {slides ; physics},
	Title = {Electron Hybrid model for R/L-waves in cold plasmas},
	Year = {2018},
	Bdsk-File-1 = {YnBsaXN0MDDSAQIDBFxyZWxhdGl2ZVBhdGhZYWxpYXNEYXRhXxAvLi4vLi4vbWlNYVMvYmlibGlvZ3JhcGh5L3BkZi8yMDE4LUhvbGRlcmllZC5wZGZPEQFyAAAAAAFyAAIAAAVNYWNIRAAAAAAAAAAAAAAAAAAAAAAAAAAAAAAAAAAAQkQAAf////8SMjAxOC1Ib2xkZXJpZWQucGRmAAAAAAAAAAAAAAAAAAAAAAAAAAAAAAAAAAAAAAAAAAAAAAAAAAAAAAAAAAAA/////wAAAAAAAAAAAAAAAAACAAQAAAogY3UAAAAAAAAAAAAAAAAAA3BkZgAAAgBBLzpVc2Vyczpqb3NzZWxpbjpQdWJsaWM6bWlNYVM6YmlibGlvZ3JhcGh5OnBkZjoyMDE4LUhvbGRlcmllZC5wZGYAAA4AJgASADIAMAAxADgALQBIAG8AbABkAGUAcgBpAGUAZAAuAHAAZABmAA8ADAAFAE0AYQBjAEgARAASAD9Vc2Vycy9qb3NzZWxpbi9QdWJsaWMvbWlNYVMvYmlibGlvZ3JhcGh5L3BkZi8yMDE4LUhvbGRlcmllZC5wZGYAABMAAS8AABUAAgAP//8AAAAIAA0AGgAkAFYAAAAAAAACAQAAAAAAAAAFAAAAAAAAAAAAAAAAAAABzA==}}

@book{Bostan:2017,
	Annote = {Bruno Salvy est venu aux journ{\'e}es Louis-Antoine (22-23/11/2018)},
	Author = {Alin Bostan and Fr{\'e}d{\'e}ric Chyzak and Marc Giusti and Romain Lebreton and Gr{\'e}goire Lecref and Bruno Salvy and {\'E}ric Schost},
	Date-Added = {2018-12-03 17:14:37 +0000},
	Date-Modified = {2018-12-05 13:21:36 +0000},
	Isbn = {979-1069909472},
	Publisher = {{\'E}dition web},
	Title = {Algorithmes Efficaces en Calcul Formel},
	Year = {2017},
	Bdsk-File-1 = {YnBsaXN0MDDSAQIDBFxyZWxhdGl2ZVBhdGhZYWxpYXNEYXRhXxAsLi4vLi4vbWlNYVMvYmlibGlvZ3JhcGh5L3BkZi8yMDE3LUJvc3Rhbi5wZGZPEQFkAAAAAAFkAAIAAAVNYWNIRAAAAAAAAAAAAAAAAAAAAAAAAAAAAAAAAAAAQkQAAf////8PMjAxNy1Cb3N0YW4ucGRmAAAAAAAAAAAAAAAAAAAAAAAAAAAAAAAAAAAAAAAAAAAAAAAAAAAAAAAAAAAAAAAA/////wAAAAAAAAAAAAAAAAACAAQAAAogY3UAAAAAAAAAAAAAAAAAA3BkZgAAAgA+LzpVc2Vyczpqb3NzZWxpbjpQdWJsaWM6bWlNYVM6YmlibGlvZ3JhcGh5OnBkZjoyMDE3LUJvc3Rhbi5wZGYADgAgAA8AMgAwADEANwAtAEIAbwBzAHQAYQBuAC4AcABkAGYADwAMAAUATQBhAGMASABEABIAPFVzZXJzL2pvc3NlbGluL1B1YmxpYy9taU1hUy9iaWJsaW9ncmFwaHkvcGRmLzIwMTctQm9zdGFuLnBkZgATAAEvAAAVAAIAD///AAAACAANABoAJABTAAAAAAAAAgEAAAAAAAAABQAAAAAAAAAAAAAAAAAAAbs=}}

@book{Sonnendrucker:2015,
	Annote = {La lin{\'e}arisation de VP est d{\'e}taill{\'e}e pp. 34-44.},
	Author = {Eric Sonnendr{\"u}cker},
	Date-Added = {2018-12-03 15:23:19 +0000},
	Date-Modified = {2018-12-04 07:37:39 +0000},
	Publisher = {Springer},
	Title = {Numerical Methods for the Vlasov-Maxwell equations},
	Year = {2015},
	Bdsk-File-1 = {YnBsaXN0MDDSAQIDBFxyZWxhdGl2ZVBhdGhZYWxpYXNEYXRhXxAzLi4vLi4vbWlNYVMvYmlibGlvZ3JhcGh5L3BkZi8yMDE1LVNvbm5lbmRydWNrZXIucGRmTxEBggAAAAABggACAAAFTWFjSEQAAAAAAAAAAAAAAAAAAAAAAAAAAAAAAAAAAEJEAAH/////FjIwMTUtU29ubmVuZHJ1Y2tlci5wZGYAAAAAAAAAAAAAAAAAAAAAAAAAAAAAAAAAAAAAAAAAAAAAAAAAAAAAAP////8AAAAAAAAAAAAAAAAAAgAEAAAKIGN1AAAAAAAAAAAAAAAAAANwZGYAAAIARS86VXNlcnM6am9zc2VsaW46UHVibGljOm1pTWFTOmJpYmxpb2dyYXBoeTpwZGY6MjAxNS1Tb25uZW5kcnVja2VyLnBkZgAADgAuABYAMgAwADEANQAtAFMAbwBuAG4AZQBuAGQAcgB1AGMAawBlAHIALgBwAGQAZgAPAAwABQBNAGEAYwBIAEQAEgBDVXNlcnMvam9zc2VsaW4vUHVibGljL21pTWFTL2JpYmxpb2dyYXBoeS9wZGYvMjAxNS1Tb25uZW5kcnVja2VyLnBkZgAAEwABLwAAFQACAA///wAAAAgADQAaACQAWgAAAAAAAAIBAAAAAAAAAAUAAAAAAAAAAAAAAAAAAAHg}}

@article{Motamed:2010,
	Author = {Mohammed Motamed and Colin B. Macdonald and Steven J. Ruuth},
	Date-Added = {2018-12-03 15:16:29 +0000},
	Date-Modified = {2019-01-30 08:23:34 +0100},
	Doi = {10.1007/s10915-010-9423-9},
	Journal = {Journal of Scientific Computing},
	Pages = {127-149},
	Title = {On the Linear Stability of the Fifth-Order WENO Discretization},
	Volume = {47},
	Year = {2010},
	Bdsk-File-1 = {YnBsaXN0MDDSAQIDBFxyZWxhdGl2ZVBhdGhZYWxpYXNEYXRhXxAwLi4vLi4vbWlNYVMvYmlibGlvZ3JhcGh5L3BkZi8yMDEwLU1vdGFtZWQoMSkucGRmTxEBdAAAAAABdAACAAAFTWFjSEQAAAAAAAAAAAAAAAAAAAAAAAAAAAAAAAAAAEJEAAH/////EzIwMTAtTW90YW1lZCgxKS5wZGYAAAAAAAAAAAAAAAAAAAAAAAAAAAAAAAAAAAAAAAAAAAAAAAAAAAAAAAAAAP////8AAAAAAAAAAAAAAAAAAgAEAAAKIGN1AAAAAAAAAAAAAAAAAANwZGYAAAIAQi86VXNlcnM6am9zc2VsaW46UHVibGljOm1pTWFTOmJpYmxpb2dyYXBoeTpwZGY6MjAxMC1Nb3RhbWVkKDEpLnBkZgAOACgAEwAyADAAMQAwAC0ATQBvAHQAYQBtAGUAZAAoADEAKQAuAHAAZABmAA8ADAAFAE0AYQBjAEgARAASAEBVc2Vycy9qb3NzZWxpbi9QdWJsaWMvbWlNYVMvYmlibGlvZ3JhcGh5L3BkZi8yMDEwLU1vdGFtZWQoMSkucGRmABMAAS8AABUAAgAP//8AAAAIAA0AGgAkAFcAAAAAAAACAQAAAAAAAAAFAAAAAAAAAAAAAAAAAAABzw==},
	Bdsk-File-2 = {YnBsaXN0MDDSAQIDBFxyZWxhdGl2ZVBhdGhZYWxpYXNEYXRhXxAwLi4vLi4vbWlNYVMvYmlibGlvZ3JhcGh5L3BkZi8yMDEwLU1vdGFtZWQoMikucGRmTxEBdAAAAAABdAACAAAFTWFjSEQAAAAAAAAAAAAAAAAAAAAAAAAAAAAAAAAAAEJEAAH/////EzIwMTAtTW90YW1lZCgyKS5wZGYAAAAAAAAAAAAAAAAAAAAAAAAAAAAAAAAAAAAAAAAAAAAAAAAAAAAAAAAAAP////8AAAAAAAAAAAAAAAAAAgAEAAAKIGN1AAAAAAAAAAAAAAAAAANwZGYAAAIAQi86VXNlcnM6am9zc2VsaW46UHVibGljOm1pTWFTOmJpYmxpb2dyYXBoeTpwZGY6MjAxMC1Nb3RhbWVkKDIpLnBkZgAOACgAEwAyADAAMQAwAC0ATQBvAHQAYQBtAGUAZAAoADIAKQAuAHAAZABmAA8ADAAFAE0AYQBjAEgARAASAEBVc2Vycy9qb3NzZWxpbi9QdWJsaWMvbWlNYVMvYmlibGlvZ3JhcGh5L3BkZi8yMDEwLU1vdGFtZWQoMikucGRmABMAAS8AABUAAgAP//8AAAAIAA0AGgAkAFcAAAAAAAACAQAAAAAAAAAFAAAAAAAAAAAAAAAAAAABzw==},
	Bdsk-Url-1 = {https://doi.org/10.1007/s10915-010-9423-9}}

@article{Despres:2009,
	Author = {Bruno Despr{\'e}s},
	Date-Added = {2018-12-03 13:58:20 +0000},
	Date-Modified = {2018-12-05 13:09:00 +0000},
	Doi = {10.1137/080734571},
	Journal = {Journal on Numerical Analysis},
	Number = {5},
	Pages = {3956-3976},
	Title = {Uniform asymptotic stability of Strang's explicit compact schemes for linear advection},
	Volume = {47},
	Year = {2009},
	Bdsk-File-1 = {YnBsaXN0MDDSAQIDBFxyZWxhdGl2ZVBhdGhZYWxpYXNEYXRhXxAtLi4vLi4vbWlNYVMvYmlibGlvZ3JhcGh5L3BkZi8yMDA5LURlc3ByZXMucGRmTxEBagAAAAABagACAAAFTWFjSEQAAAAAAAAAAAAAAAAAAAAAAAAAAAAAAAAAAEJEAAH/////EDIwMDktRGVzcHJlcy5wZGYAAAAAAAAAAAAAAAAAAAAAAAAAAAAAAAAAAAAAAAAAAAAAAAAAAAAAAAAAAAAAAP////8AAAAAAAAAAAAAAAAAAgAEAAAKIGN1AAAAAAAAAAAAAAAAAANwZGYAAAIAPy86VXNlcnM6am9zc2VsaW46UHVibGljOm1pTWFTOmJpYmxpb2dyYXBoeTpwZGY6MjAwOS1EZXNwcmVzLnBkZgAADgAiABAAMgAwADAAOQAtAEQAZQBzAHAAcgBlAHMALgBwAGQAZgAPAAwABQBNAGEAYwBIAEQAEgA9VXNlcnMvam9zc2VsaW4vUHVibGljL21pTWFTL2JpYmxpb2dyYXBoeS9wZGYvMjAwOS1EZXNwcmVzLnBkZgAAEwABLwAAFQACAA///wAAAAgADQAaACQAVAAAAAAAAAIBAAAAAAAAAAUAAAAAAAAAAAAAAAAAAAHC},
	Bdsk-Url-1 = {https://doi.org/10.1137/080734571}}

@article{Degond:2010,
	Author = {Pierre Degond and Giacomo Dimarco and Luc Mieussens},
	Date-Added = {2018-12-03 13:55:29 +0000},
	Date-Modified = {2018-12-05 13:09:41 +0000},
	Doi = {10.1016/j.jcp.2010.03.009},
	Journal = {Journal of Computational Physics},
	Pages = {4907-4933},
	Title = {A multiscale kinetic-fluid solver with dynamic localization of kinetic effects},
	Volume = {229},
	Year = {2010},
	Bdsk-File-1 = {YnBsaXN0MDDSAQIDBFxyZWxhdGl2ZVBhdGhZYWxpYXNEYXRhXxAvLi4vLi4vbWlNYVMvYmlibGlvZ3JhcGh5L3BkZi8yMDEwLURlZ29uZCgyKS5wZGZPEQFyAAAAAAFyAAIAAAVNYWNIRAAAAAAAAAAAAAAAAAAAAAAAAAAAAAAAAAAAQkQAAf////8SMjAxMC1EZWdvbmQoMikucGRmAAAAAAAAAAAAAAAAAAAAAAAAAAAAAAAAAAAAAAAAAAAAAAAAAAAAAAAAAAAA/////wAAAAAAAAAAAAAAAAACAAQAAAogY3UAAAAAAAAAAAAAAAAAA3BkZgAAAgBBLzpVc2Vyczpqb3NzZWxpbjpQdWJsaWM6bWlNYVM6YmlibGlvZ3JhcGh5OnBkZjoyMDEwLURlZ29uZCgyKS5wZGYAAA4AJgASADIAMAAxADAALQBEAGUAZwBvAG4AZAAoADIAKQAuAHAAZABmAA8ADAAFAE0AYQBjAEgARAASAD9Vc2Vycy9qb3NzZWxpbi9QdWJsaWMvbWlNYVMvYmlibGlvZ3JhcGh5L3BkZi8yMDEwLURlZ29uZCgyKS5wZGYAABMAAS8AABUAAgAP//8AAAAIAA0AGgAkAFYAAAAAAAACAQAAAAAAAAAFAAAAAAAAAAAAAAAAAAABzA==},
	Bdsk-File-2 = {YnBsaXN0MDDSAQIDBFxyZWxhdGl2ZVBhdGhZYWxpYXNEYXRhXxAvLi4vLi4vbWlNYVMvYmlibGlvZ3JhcGh5L3BkZi8yMDEwLURlZ29uZCgxKS5wZGZPEQFyAAAAAAFyAAIAAAVNYWNIRAAAAAAAAAAAAAAAAAAAAAAAAAAAAAAAAAAAQkQAAf////8SMjAxMC1EZWdvbmQoMSkucGRmAAAAAAAAAAAAAAAAAAAAAAAAAAAAAAAAAAAAAAAAAAAAAAAAAAAAAAAAAAAA/////wAAAAAAAAAAAAAAAAACAAQAAAogY3UAAAAAAAAAAAAAAAAAA3BkZgAAAgBBLzpVc2Vyczpqb3NzZWxpbjpQdWJsaWM6bWlNYVM6YmlibGlvZ3JhcGh5OnBkZjoyMDEwLURlZ29uZCgxKS5wZGYAAA4AJgASADIAMAAxADAALQBEAGUAZwBvAG4AZAAoADEAKQAuAHAAZABmAA8ADAAFAE0AYQBjAEgARAASAD9Vc2Vycy9qb3NzZWxpbi9QdWJsaWMvbWlNYVMvYmlibGlvZ3JhcGh5L3BkZi8yMDEwLURlZ29uZCgxKS5wZGYAABMAAS8AABUAAgAP//8AAAAIAA0AGgAkAFYAAAAAAAACAQAAAAAAAAAFAAAAAAAAAAAAAAAAAAABzA==},
	Bdsk-Url-1 = {https://doi.org/10.1016/j.jcp.2010.03.009}}

@article{Dimarco:2012,
	Author = {Giacomo Dimarco and Lorenzo Pareschi},
	Date-Added = {2018-12-03 11:53:23 +0000},
	Date-Modified = {2018-12-05 13:13:42 +0000},
	Doi = {10.1016/j.crma.2012.05.010},
	Journal = {Comptes Rendus Mathematique},
	Title = {High order asymptotic-preserving schemes for the Boltzmann equation},
	Volume = {350},
	Year = {2012},
	Bdsk-File-1 = {YnBsaXN0MDDSAQIDBFxyZWxhdGl2ZVBhdGhZYWxpYXNEYXRhXxAtLi4vLi4vbWlNYVMvYmlibGlvZ3JhcGh5L3BkZi8yMDEyLURpbWFyY28ucGRmTxEBagAAAAABagACAAAFTWFjSEQAAAAAAAAAAAAAAAAAAAAAAAAAAAAAAAAAAEJEAAH/////EDIwMTItRGltYXJjby5wZGYAAAAAAAAAAAAAAAAAAAAAAAAAAAAAAAAAAAAAAAAAAAAAAAAAAAAAAAAAAAAAAP////8AAAAAAAAAAAAAAAAAAgAEAAAKIGN1AAAAAAAAAAAAAAAAAANwZGYAAAIAPy86VXNlcnM6am9zc2VsaW46UHVibGljOm1pTWFTOmJpYmxpb2dyYXBoeTpwZGY6MjAxMi1EaW1hcmNvLnBkZgAADgAiABAAMgAwADEAMgAtAEQAaQBtAGEAcgBjAG8ALgBwAGQAZgAPAAwABQBNAGEAYwBIAEQAEgA9VXNlcnMvam9zc2VsaW4vUHVibGljL21pTWFTL2JpYmxpb2dyYXBoeS9wZGYvMjAxMi1EaW1hcmNvLnBkZgAAEwABLwAAFQACAA///wAAAAgADQAaACQAVAAAAAAAAAIBAAAAAAAAAAUAAAAAAAAAAAAAAAAAAAHC},
	Bdsk-Url-1 = {https://doi.org/10.1016/j.crma.2012.05.010}}

@article{Filbet:2014,
	Author = {Francis Filbet and Thomas Rey},
	Date-Added = {2018-12-03 11:52:06 +0000},
	Date-Modified = {2018-12-05 13:16:19 +0000},
	Doi = {10.1137/140958773},
	Journal = {Journal of Scientific Computing},
	Title = {A hierachy of hybrid numerical methods for multi-scale kinetic equations},
	Year = {2014},
	Bdsk-File-1 = {YnBsaXN0MDDSAQIDBFxyZWxhdGl2ZVBhdGhZYWxpYXNEYXRhXxAvLi4vLi4vbWlNYVMvYmlibGlvZ3JhcGh5L3BkZi8yMDE0LUZpbGJldCgxKS5wZGZPEQFyAAAAAAFyAAIAAAVNYWNIRAAAAAAAAAAAAAAAAAAAAAAAAAAAAAAAAAAAQkQAAf////8SMjAxNC1GaWxiZXQoMSkucGRmAAAAAAAAAAAAAAAAAAAAAAAAAAAAAAAAAAAAAAAAAAAAAAAAAAAAAAAAAAAA/////wAAAAAAAAAAAAAAAAACAAQAAAogY3UAAAAAAAAAAAAAAAAAA3BkZgAAAgBBLzpVc2Vyczpqb3NzZWxpbjpQdWJsaWM6bWlNYVM6YmlibGlvZ3JhcGh5OnBkZjoyMDE0LUZpbGJldCgxKS5wZGYAAA4AJgASADIAMAAxADQALQBGAGkAbABiAGUAdAAoADEAKQAuAHAAZABmAA8ADAAFAE0AYQBjAEgARAASAD9Vc2Vycy9qb3NzZWxpbi9QdWJsaWMvbWlNYVMvYmlibGlvZ3JhcGh5L3BkZi8yMDE0LUZpbGJldCgxKS5wZGYAABMAAS8AABUAAgAP//8AAAAIAA0AGgAkAFYAAAAAAAACAQAAAAAAAAAFAAAAAAAAAAAAAAAAAAABzA==},
	Bdsk-File-2 = {YnBsaXN0MDDSAQIDBFxyZWxhdGl2ZVBhdGhZYWxpYXNEYXRhXxAvLi4vLi4vbWlNYVMvYmlibGlvZ3JhcGh5L3BkZi8yMDE0LUZpbGJldCgyKS5wZGZPEQFyAAAAAAFyAAIAAAVNYWNIRAAAAAAAAAAAAAAAAAAAAAAAAAAAAAAAAAAAQkQAAf////8SMjAxNC1GaWxiZXQoMikucGRmAAAAAAAAAAAAAAAAAAAAAAAAAAAAAAAAAAAAAAAAAAAAAAAAAAAAAAAAAAAA/////wAAAAAAAAAAAAAAAAACAAQAAAogY3UAAAAAAAAAAAAAAAAAA3BkZgAAAgBBLzpVc2Vyczpqb3NzZWxpbjpQdWJsaWM6bWlNYVM6YmlibGlvZ3JhcGh5OnBkZjoyMDE0LUZpbGJldCgyKS5wZGYAAA4AJgASADIAMAAxADQALQBGAGkAbABiAGUAdAAoADIAKQAuAHAAZABmAA8ADAAFAE0AYQBjAEgARAASAD9Vc2Vycy9qb3NzZWxpbi9QdWJsaWMvbWlNYVMvYmlibGlvZ3JhcGh5L3BkZi8yMDE0LUZpbGJldCgyKS5wZGYAABMAAS8AABUAAgAP//8AAAAIAA0AGgAkAFYAAAAAAAACAQAAAAAAAAAFAAAAAAAAAAAAAAAAAAABzA==},
	Bdsk-Url-1 = {https://doi.org/10.1137/140958773}}

@article{Isherwood:2018,
	Author = {Leah Isherwood and Zachary J. Grant and Sigal Gottlieb},
	Date-Added = {2018-12-03 11:47:02 +0000},
	Date-Modified = {2019-10-23 15:44:28 +0200},
	Doi = {10.1137/17M1143290},
	Journal = {SIAM Journal on Numerical Analysis},
	Keywords = {IFRK ; Lawson},
	Number = {6},
	Pages = {3276-3307},
	Title = {Strong Stability Preserving Integrating Factor Runge-Kutta Methods},
	Volume = {56},
	Year = {2018},
	Bdsk-File-1 = {YnBsaXN0MDDSAQIDBFxyZWxhdGl2ZVBhdGhZYWxpYXNEYXRhXxAyLi4vLi4vbWlNYVMvYmlibGlvZ3JhcGh5L3BkZi8yMDE4LUlzaGVyd29vZCgxKS5wZGZPEQF8AAAAAAF8AAIAAAVNYWNIRAAAAAAAAAAAAAAAAAAAAAAAAAAAAAAAAAAAQkQAAf////8VMjAxOC1Jc2hlcndvb2QoMSkucGRmAAAAAAAAAAAAAAAAAAAAAAAAAAAAAAAAAAAAAAAAAAAAAAAAAAAAAAAA/////wAAAAAAAAAAAAAAAAACAAQAAAogY3UAAAAAAAAAAAAAAAAAA3BkZgAAAgBELzpVc2Vyczpqb3NzZWxpbjpQdWJsaWM6bWlNYVM6YmlibGlvZ3JhcGh5OnBkZjoyMDE4LUlzaGVyd29vZCgxKS5wZGYADgAsABUAMgAwADEAOAAtAEkAcwBoAGUAcgB3AG8AbwBkACgAMQApAC4AcABkAGYADwAMAAUATQBhAGMASABEABIAQlVzZXJzL2pvc3NlbGluL1B1YmxpYy9taU1hUy9iaWJsaW9ncmFwaHkvcGRmLzIwMTgtSXNoZXJ3b29kKDEpLnBkZgATAAEvAAAVAAIAD///AAAACAANABoAJABZAAAAAAAAAgEAAAAAAAAABQAAAAAAAAAAAAAAAAAAAdk=},
	Bdsk-File-2 = {YnBsaXN0MDDSAQIDBFxyZWxhdGl2ZVBhdGhZYWxpYXNEYXRhXxAyLi4vLi4vbWlNYVMvYmlibGlvZ3JhcGh5L3BkZi8yMDE4LUlzaGVyd29vZCgyKS5wZGZPEQF8AAAAAAF8AAIAAAVNYWNIRAAAAAAAAAAAAAAAAAAAAAAAAAAAAAAAAAAAQkQAAf////8VMjAxOC1Jc2hlcndvb2QoMikucGRmAAAAAAAAAAAAAAAAAAAAAAAAAAAAAAAAAAAAAAAAAAAAAAAAAAAAAAAA/////wAAAAAAAAAAAAAAAAACAAQAAAogY3UAAAAAAAAAAAAAAAAAA3BkZgAAAgBELzpVc2Vyczpqb3NzZWxpbjpQdWJsaWM6bWlNYVM6YmlibGlvZ3JhcGh5OnBkZjoyMDE4LUlzaGVyd29vZCgyKS5wZGYADgAsABUAMgAwADEAOAAtAEkAcwBoAGUAcgB3AG8AbwBkACgAMgApAC4AcABkAGYADwAMAAUATQBhAGMASABEABIAQlVzZXJzL2pvc3NlbGluL1B1YmxpYy9taU1hUy9iaWJsaW9ncmFwaHkvcGRmLzIwMTgtSXNoZXJ3b29kKDIpLnBkZgATAAEvAAAVAAIAD///AAAACAANABoAJABZAAAAAAAAAgEAAAAAAAAABQAAAAAAAAAAAAAAAAAAAdk=},
	Bdsk-File-3 = {YnBsaXN0MDDSAQIDBFxyZWxhdGl2ZVBhdGhZYWxpYXNEYXRhXxAyLi4vLi4vbWlNYVMvYmlibGlvZ3JhcGh5L3BkZi8yMDE4LUlzaGVyd29vZCgzKS5wZGZPEQF8AAAAAAF8AAIAAAVNYWNIRAAAAAAAAAAAAAAAAAAAAAAAAAAAAAAAAAAAQkQAAf////8VMjAxOC1Jc2hlcndvb2QoMykucGRmAAAAAAAAAAAAAAAAAAAAAAAAAAAAAAAAAAAAAAAAAAAAAAAAAAAAAAAA/////wAAAAAAAAAAAAAAAAACAAQAAAogY3UAAAAAAAAAAAAAAAAAA3BkZgAAAgBELzpVc2Vyczpqb3NzZWxpbjpQdWJsaWM6bWlNYVM6YmlibGlvZ3JhcGh5OnBkZjoyMDE4LUlzaGVyd29vZCgzKS5wZGYADgAsABUAMgAwADEAOAAtAEkAcwBoAGUAcgB3AG8AbwBkACgAMwApAC4AcABkAGYADwAMAAUATQBhAGMASABEABIAQlVzZXJzL2pvc3NlbGluL1B1YmxpYy9taU1hUy9iaWJsaW9ncmFwaHkvcGRmLzIwMTgtSXNoZXJ3b29kKDMpLnBkZgATAAEvAAAVAAIAD///AAAACAANABoAJABZAAAAAAAAAgEAAAAAAAAABQAAAAAAAAAAAAAAAAAAAdk=}}

@article{Wang:2007,
	Author = {Rong Wang and Raymond J. Spiteri},
	Date-Added = {2018-12-03 11:45:31 +0000},
	Date-Modified = {2018-12-05 13:07:38 +0000},
	Doi = {10.1137/050637868},
	Journal = {Journal on Numerical Analysis},
	Number = {5},
	Pages = {1871-1901},
	Title = {Linear instability of the fifth-order WENO method},
	Volume = {45},
	Year = {2007},
	Bdsk-File-1 = {YnBsaXN0MDDSAQIDBFxyZWxhdGl2ZVBhdGhZYWxpYXNEYXRhXxAqLi4vLi4vbWlNYVMvYmlibGlvZ3JhcGh5L3BkZi8yMDA3LVdhbmcucGRmTxEBXAAAAAABXAACAAAFTWFjSEQAAAAAAAAAAAAAAAAAAAAAAAAAAAAAAAAAAEJEAAH/////DTIwMDctV2FuZy5wZGYAAAAAAAAAAAAAAAAAAAAAAAAAAAAAAAAAAAAAAAAAAAAAAAAAAAAAAAAAAAAAAAAAAP////8AAAAAAAAAAAAAAAAAAgAEAAAKIGN1AAAAAAAAAAAAAAAAAANwZGYAAAIAPC86VXNlcnM6am9zc2VsaW46UHVibGljOm1pTWFTOmJpYmxpb2dyYXBoeTpwZGY6MjAwNy1XYW5nLnBkZgAOABwADQAyADAAMAA3AC0AVwBhAG4AZwAuAHAAZABmAA8ADAAFAE0AYQBjAEgARAASADpVc2Vycy9qb3NzZWxpbi9QdWJsaWMvbWlNYVMvYmlibGlvZ3JhcGh5L3BkZi8yMDA3LVdhbmcucGRmABMAAS8AABUAAgAP//8AAAAIAA0AGgAkAFEAAAAAAAACAQAAAAAAAAAFAAAAAAAAAAAAAAAAAAABsQ==},
	Bdsk-Url-1 = {https://doi.org/10.1137/050637868}}

@article{Bennoune:2008,
	Author = {Mounir Bennoune and Mohammed Lemou and Luc Mieussens},
	Date-Added = {2018-12-03 11:41:58 +0000},
	Date-Modified = {2018-12-05 13:08:04 +0000},
	Doi = {10.1016/j.jcp.2007.11.032},
	Journal = {Journal of Computational Physics},
	Number = {8},
	Pages = {3781-3803},
	Title = {Uniformly stable numerical schemes for the Boltzmann equation preserving the compressible Navier-Stokes asymptotics},
	Volume = {227},
	Year = {2008},
	Bdsk-File-1 = {YnBsaXN0MDDSAQIDBFxyZWxhdGl2ZVBhdGhZYWxpYXNEYXRhXxAuLi4vLi4vbWlNYVMvYmlibGlvZ3JhcGh5L3BkZi8yMDA4LUJlbm5vdW5lLnBkZk8RAWwAAAAAAWwAAgAABU1hY0hEAAAAAAAAAAAAAAAAAAAAAAAAAAAAAAAAAABCRAAB/////xEyMDA4LUJlbm5vdW5lLnBkZgAAAAAAAAAAAAAAAAAAAAAAAAAAAAAAAAAAAAAAAAAAAAAAAAAAAAAAAAAAAAD/////AAAAAAAAAAAAAAAAAAIABAAACiBjdQAAAAAAAAAAAAAAAAADcGRmAAACAEAvOlVzZXJzOmpvc3NlbGluOlB1YmxpYzptaU1hUzpiaWJsaW9ncmFwaHk6cGRmOjIwMDgtQmVubm91bmUucGRmAA4AJAARADIAMAAwADgALQBCAGUAbgBuAG8AdQBuAGUALgBwAGQAZgAPAAwABQBNAGEAYwBIAEQAEgA+VXNlcnMvam9zc2VsaW4vUHVibGljL21pTWFTL2JpYmxpb2dyYXBoeS9wZGYvMjAwOC1CZW5ub3VuZS5wZGYAEwABLwAAFQACAA///wAAAAgADQAaACQAVQAAAAAAAAIBAAAAAAAAAAUAAAAAAAAAAAAAAAAAAAHF},
	Bdsk-Url-1 = {https://doi.org/10.1016/j.jcp.2007.11.032}}

@article{Qiu:2011,
	Author = {Jing-Mei Qiu and Chi-Wang Shu},
	Date-Added = {2018-12-03 11:37:45 +0000},
	Date-Modified = {2018-12-05 13:11:37 +0000},
	Doi = {10.1016/j.jcp.2010.04.037},
	Journal = {Journal of Computational Physics},
	Number = {4},
	Pages = {863-889},
	Title = {Conservative high order semi-Lagrangian finite difference WENO methods for advection in incompressible flow},
	Volume = {230},
	Year = {2011},
	Bdsk-File-1 = {YnBsaXN0MDDSAQIDBFxyZWxhdGl2ZVBhdGhZYWxpYXNEYXRhXxAQcGRmLzIwMTEtUWl1LnBkZk8RAVoAAAAAAVoAAgAABU1hY0hEAAAAAAAAAAAAAAAAAAAAAAAAAAAAAAAAAABCRAAB/////wwyMDExLVFpdS5wZGYAAAAAAAAAAAAAAAAAAAAAAAAAAAAAAAAAAAAAAAAAAAAAAAAAAAAAAAAAAAAAAAAAAAD/////AAAAAAAAAAAAAAAAAAEAAwAACiBjdQAAAAAAAAAAAAAAAAADcGRmAAACADsvOlVzZXJzOmpvc3NlbGluOlB1YmxpYzpkcmFmdDpiaWJsaW9ncmFwaHk6cGRmOjIwMTEtUWl1LnBkZgAADgAaAAwAMgAwADEAMQAtAFEAaQB1AC4AcABkAGYADwAMAAUATQBhAGMASABEABIAOVVzZXJzL2pvc3NlbGluL1B1YmxpYy9kcmFmdC9iaWJsaW9ncmFwaHkvcGRmLzIwMTEtUWl1LnBkZgAAEwABLwAAFQACAA///wAAAAgADQAaACQANwAAAAAAAAIBAAAAAAAAAAUAAAAAAAAAAAAAAAAAAAGV},
	Bdsk-Url-1 = {https://doi.org/10.1016/j.jcp.2010.04.037}}

@misc{Boyer:2014,
	Author = {Franck Boyer},
	Date-Added = {2018-12-03 11:35:53 +0000},
	Date-Modified = {2018-12-04 07:37:34 +0000},
	Institution = {Ais-Marseille Universit{\'e}},
	Title = {Aspects th{\'e}oriques et num{\'e}riques de l'{\'e}quation de transport},
	Year = {2014},
	Bdsk-File-1 = {YnBsaXN0MDDSAQIDBFxyZWxhdGl2ZVBhdGhZYWxpYXNEYXRhXxArLi4vLi4vbWlNYVMvYmlibGlvZ3JhcGh5L3BkZi8yMDE0LUJveWVyLnBkZk8RAWIAAAAAAWIAAgAABU1hY0hEAAAAAAAAAAAAAAAAAAAAAAAAAAAAAAAAAABCRAAB/////w4yMDE0LUJveWVyLnBkZgAAAAAAAAAAAAAAAAAAAAAAAAAAAAAAAAAAAAAAAAAAAAAAAAAAAAAAAAAAAAAAAAD/////AAAAAAAAAAAAAAAAAAIABAAACiBjdQAAAAAAAAAAAAAAAAADcGRmAAACAD0vOlVzZXJzOmpvc3NlbGluOlB1YmxpYzptaU1hUzpiaWJsaW9ncmFwaHk6cGRmOjIwMTQtQm95ZXIucGRmAAAOAB4ADgAyADAAMQA0AC0AQgBvAHkAZQByAC4AcABkAGYADwAMAAUATQBhAGMASABEABIAO1VzZXJzL2pvc3NlbGluL1B1YmxpYy9taU1hUy9iaWJsaW9ncmFwaHkvcGRmLzIwMTQtQm95ZXIucGRmAAATAAEvAAAVAAIAD///AAAACAANABoAJABSAAAAAAAAAgEAAAAAAAAABQAAAAAAAAAAAAAAAAAAAbg=}}

@phdthesis{Crestetto:2012a,
	Author = {Ana{\"\i}s Crestetto},
	Date-Added = {2018-12-03 11:34:40 +0000},
	Date-Modified = {2018-12-04 07:37:14 +0000},
	School = {IRMA},
	Title = {Optimisation de m{\'e}thodes num{\'e}riques pour la physique des plasmas. Application aux faisceaux de particules charg{\'e}es},
	Year = {2012},
	Bdsk-File-1 = {YnBsaXN0MDDSAQIDBFxyZWxhdGl2ZVBhdGhZYWxpYXNEYXRhXxAyLi4vLi4vbWlNYVMvYmlibGlvZ3JhcGh5L3BkZi8yMDEyLUNyZXN0ZXR0byhhKS5wZGZPEQF8AAAAAAF8AAIAAAVNYWNIRAAAAAAAAAAAAAAAAAAAAAAAAAAAAAAAAAAAQkQAAf////8VMjAxMi1DcmVzdGV0dG8oYSkucGRmAAAAAAAAAAAAAAAAAAAAAAAAAAAAAAAAAAAAAAAAAAAAAAAAAAAAAAAA/////wAAAAAAAAAAAAAAAAACAAQAAAogY3UAAAAAAAAAAAAAAAAAA3BkZgAAAgBELzpVc2Vyczpqb3NzZWxpbjpQdWJsaWM6bWlNYVM6YmlibGlvZ3JhcGh5OnBkZjoyMDEyLUNyZXN0ZXR0byhhKS5wZGYADgAsABUAMgAwADEAMgAtAEMAcgBlAHMAdABlAHQAdABvACgAYQApAC4AcABkAGYADwAMAAUATQBhAGMASABEABIAQlVzZXJzL2pvc3NlbGluL1B1YmxpYy9taU1hUy9iaWJsaW9ncmFwaHkvcGRmLzIwMTItQ3Jlc3RldHRvKGEpLnBkZgATAAEvAAAVAAIAD///AAAACAANABoAJABZAAAAAAAAAgEAAAAAAAAABQAAAAAAAAAAAAAAAAAAAdk=}}

@article{Shu:2003,
	Author = {Chi-Wang Shu},
	Date-Added = {2018-12-03 11:31:47 +0000},
	Date-Modified = {2018-12-05 13:05:07 +0000},
	Doi = {10.1080/1061856031000104851},
	Journal = {International Journal of Computational Fluid Dynamics},
	Number = {2},
	Pages = {107-118},
	Title = {High Order Finite Difference and Finite Volume WENO Schemes and Discontinuous Galerkin Methods for CFD},
	Volume = {17},
	Year = {2003},
	Bdsk-File-1 = {YnBsaXN0MDDSAQIDBFxyZWxhdGl2ZVBhdGhZYWxpYXNEYXRhXxAQcGRmLzIwMDMtU2h1LnBkZk8RAVoAAAAAAVoAAgAABU1hY0hEAAAAAAAAAAAAAAAAAAAAAAAAAAAAAAAAAABCRAAB/////wwyMDAzLVNodS5wZGYAAAAAAAAAAAAAAAAAAAAAAAAAAAAAAAAAAAAAAAAAAAAAAAAAAAAAAAAAAAAAAAAAAAD/////AAAAAAAAAAAAAAAAAAEAAwAACiBjdQAAAAAAAAAAAAAAAAADcGRmAAACADsvOlVzZXJzOmpvc3NlbGluOlB1YmxpYzpkcmFmdDpiaWJsaW9ncmFwaHk6cGRmOjIwMDMtU2h1LnBkZgAADgAaAAwAMgAwADAAMwAtAFMAaAB1AC4AcABkAGYADwAMAAUATQBhAGMASABEABIAOVVzZXJzL2pvc3NlbGluL1B1YmxpYy9kcmFmdC9iaWJsaW9ncmFwaHkvcGRmLzIwMDMtU2h1LnBkZgAAEwABLwAAFQACAA///wAAAAgADQAaACQANwAAAAAAAAIBAAAAAAAAAAUAAAAAAAAAAAAAAAAAAAGV},
	Bdsk-Url-1 = {https://doi.org/10.1080/1061856031000104851}}

@article{Gottlieb:2006,
	Author = {Sigal Gottlieb and Julia S. Mullen and Steven J. Ruuth},
	Date-Added = {2018-12-03 11:30:09 +0000},
	Date-Modified = {2019-03-26 09:17:50 +0100},
	Doi = {10.1007/s10915-005-9034-z},
	Journal = {Journal of Scientific Computing},
	Keywords = {iweno},
	Title = {A Fifth Order Flux Implicit WENO Method},
	Volume = {27},
	Year = {2006},
	Bdsk-File-1 = {YnBsaXN0MDDSAQIDBFxyZWxhdGl2ZVBhdGhZYWxpYXNEYXRhXxAuLi4vLi4vbWlNYVMvYmlibGlvZ3JhcGh5L3BkZi8yMDA2LUdvdHRsaWViLnBkZk8RAWwAAAAAAWwAAgAABU1hY0hEAAAAAAAAAAAAAAAAAAAAAAAAAAAAAAAAAABCRAAB/////xEyMDA2LUdvdHRsaWViLnBkZgAAAAAAAAAAAAAAAAAAAAAAAAAAAAAAAAAAAAAAAAAAAAAAAAAAAAAAAAAAAAD/////AAAAAAAAAAAAAAAAAAIABAAACiBjdQAAAAAAAAAAAAAAAAADcGRmAAACAEAvOlVzZXJzOmpvc3NlbGluOlB1YmxpYzptaU1hUzpiaWJsaW9ncmFwaHk6cGRmOjIwMDYtR290dGxpZWIucGRmAA4AJAARADIAMAAwADYALQBHAG8AdAB0AGwAaQBlAGIALgBwAGQAZgAPAAwABQBNAGEAYwBIAEQAEgA+VXNlcnMvam9zc2VsaW4vUHVibGljL21pTWFTL2JpYmxpb2dyYXBoeS9wZGYvMjAwNi1Hb3R0bGllYi5wZGYAEwABLwAAFQACAA///wAAAAgADQAaACQAVQAAAAAAAAIBAAAAAAAAAAUAAAAAAAAAAAAAAAAAAAHF},
	Bdsk-Url-1 = {https://doi.org/10.1007/s10915-005-9034-z}}

@article{Qiu:2008,
	Author = {Jing-Mei Qiu and Chi-Wang Shu and Ji-Ren Liu and Li-Zhi Fang},
	Date-Added = {2018-12-03 11:28:09 +0000},
	Date-Modified = {2018-12-05 13:08:26 +0000},
	Doi = {10.1016/j.newast.2007.06.002},
	Journal = {New Astronomy},
	Number = {1},
	Pages = {1-11},
	Title = {A WENO algorithm for the growth of ionized regions at the reionization epoch},
	Volume = {13},
	Year = {2008},
	Bdsk-File-1 = {YnBsaXN0MDDSAQIDBFxyZWxhdGl2ZVBhdGhZYWxpYXNEYXRhXxAQcGRmLzIwMDgtUWl1LnBkZk8RAVoAAAAAAVoAAgAABU1hY0hEAAAAAAAAAAAAAAAAAAAAAAAAAAAAAAAAAABCRAAB/////wwyMDA4LVFpdS5wZGYAAAAAAAAAAAAAAAAAAAAAAAAAAAAAAAAAAAAAAAAAAAAAAAAAAAAAAAAAAAAAAAAAAAD/////AAAAAAAAAAAAAAAAAAEAAwAACiBjdQAAAAAAAAAAAAAAAAADcGRmAAACADsvOlVzZXJzOmpvc3NlbGluOlB1YmxpYzpkcmFmdDpiaWJsaW9ncmFwaHk6cGRmOjIwMDgtUWl1LnBkZgAADgAaAAwAMgAwADAAOAAtAFEAaQB1AC4AcABkAGYADwAMAAUATQBhAGMASABEABIAOVVzZXJzL2pvc3NlbGluL1B1YmxpYy9kcmFmdC9iaWJsaW9ncmFwaHkvcGRmLzIwMDgtUWl1LnBkZgAAEwABLwAAFQACAA///wAAAAgADQAaACQANwAAAAAAAAIBAAAAAAAAAAUAAAAAAAAAAAAAAAAAAAGV},
	Bdsk-Url-1 = {https://doi.org/10.1016/j.newast.2007.06.002}}

@article{Filbet:2013,
	Author = {Francis Filbet and Thomas Rey},
	Date-Added = {2018-12-03 11:25:55 +0000},
	Date-Modified = {2018-12-05 13:15:27 +0000},
	Doi = {10.1016/j.jcp.2013.04.023},
	Journal = {Journal of Computational Physics},
	Pages = {177-199},
	Title = {A rescaling velocity method for dissipative kinetic equations. Applications to granular media},
	Volume = {248},
	Year = {2013},
	Bdsk-File-1 = {YnBsaXN0MDDSAQIDBFxyZWxhdGl2ZVBhdGhZYWxpYXNEYXRhXxAsLi4vLi4vbWlNYVMvYmlibGlvZ3JhcGh5L3BkZi8yMDEzLUZpbGJldC5wZGZPEQFkAAAAAAFkAAIAAAVNYWNIRAAAAAAAAAAAAAAAAAAAAAAAAAAAAAAAAAAAQkQAAf////8PMjAxMy1GaWxiZXQucGRmAAAAAAAAAAAAAAAAAAAAAAAAAAAAAAAAAAAAAAAAAAAAAAAAAAAAAAAAAAAAAAAA/////wAAAAAAAAAAAAAAAAACAAQAAAogY3UAAAAAAAAAAAAAAAAAA3BkZgAAAgA+LzpVc2Vyczpqb3NzZWxpbjpQdWJsaWM6bWlNYVM6YmlibGlvZ3JhcGh5OnBkZjoyMDEzLUZpbGJldC5wZGYADgAgAA8AMgAwADEAMwAtAEYAaQBsAGIAZQB0AC4AcABkAGYADwAMAAUATQBhAGMASABEABIAPFVzZXJzL2pvc3NlbGluL1B1YmxpYy9taU1hUy9iaWJsaW9ncmFwaHkvcGRmLzIwMTMtRmlsYmV0LnBkZgATAAEvAAAVAAIAD///AAAACAANABoAJABTAAAAAAAAAgEAAAAAAAAABQAAAAAAAAAAAAAAAAAAAbs=},
	Bdsk-Url-1 = {https://doi.org/10.1016/j.jcp.2013.04.023}}

@book{Villani:2001,
	Author = {C{\'e}dric Villani},
	Date-Added = {2018-12-03 11:21:58 +0000},
	Date-Modified = {2018-12-04 07:36:02 +0000},
	Publisher = {North-Holland},
	Title = {A review of mathematical topics in collisional kinetic theory},
	Year = {2001},
	Bdsk-File-1 = {YnBsaXN0MDDSAQIDBFxyZWxhdGl2ZVBhdGhZYWxpYXNEYXRhXxAtLi4vLi4vbWlNYVMvYmlibGlvZ3JhcGh5L3BkZi8yMDAxLVZpbGxhbmkucGRmTxEBagAAAAABagACAAAFTWFjSEQAAAAAAAAAAAAAAAAAAAAAAAAAAAAAAAAAAEJEAAH/////EDIwMDEtVmlsbGFuaS5wZGYAAAAAAAAAAAAAAAAAAAAAAAAAAAAAAAAAAAAAAAAAAAAAAAAAAAAAAAAAAAAAAP////8AAAAAAAAAAAAAAAAAAgAEAAAKIGN1AAAAAAAAAAAAAAAAAANwZGYAAAIAPy86VXNlcnM6am9zc2VsaW46UHVibGljOm1pTWFTOmJpYmxpb2dyYXBoeTpwZGY6MjAwMS1WaWxsYW5pLnBkZgAADgAiABAAMgAwADAAMQAtAFYAaQBsAGwAYQBuAGkALgBwAGQAZgAPAAwABQBNAGEAYwBIAEQAEgA9VXNlcnMvam9zc2VsaW4vUHVibGljL21pTWFTL2JpYmxpb2dyYXBoeS9wZGYvMjAwMS1WaWxsYW5pLnBkZgAAEwABLwAAFQACAA///wAAAAgADQAaACQAVAAAAAAAAAIBAAAAAAAAAAUAAAAAAAAAAAAAAAAAAAHC}}

@techreport{Shu:1997,
	Author = {Chi-Wang Shu},
	Date-Added = {2018-12-03 11:17:48 +0000},
	Date-Modified = {2018-12-05 12:59:57 +0000},
	Doi = {10.1007/BFb0096355},
	Institution = {Brown University},
	Publisher = {Institute for Computer Applications in Science and Engineering (ICASE)},
	Title = {Essentially Non-Oscillatory and Weighted Essentially Non-Oscillatory Schemes for Hyperbolic Conservation Laws},
	Year = {1997},
	Bdsk-File-1 = {YnBsaXN0MDDSAQIDBFxyZWxhdGl2ZVBhdGhZYWxpYXNEYXRhXxAQcGRmLzE5OTctU2h1LnBkZk8RAVoAAAAAAVoAAgAABU1hY0hEAAAAAAAAAAAAAAAAAAAAAAAAAAAAAAAAAABCRAAB/////wwxOTk3LVNodS5wZGYAAAAAAAAAAAAAAAAAAAAAAAAAAAAAAAAAAAAAAAAAAAAAAAAAAAAAAAAAAAAAAAAAAAD/////AAAAAAAAAAAAAAAAAAEAAwAACiBjdQAAAAAAAAAAAAAAAAADcGRmAAACADsvOlVzZXJzOmpvc3NlbGluOlB1YmxpYzpkcmFmdDpiaWJsaW9ncmFwaHk6cGRmOjE5OTctU2h1LnBkZgAADgAaAAwAMQA5ADkANwAtAFMAaAB1AC4AcABkAGYADwAMAAUATQBhAGMASABEABIAOVVzZXJzL2pvc3NlbGluL1B1YmxpYy9kcmFmdC9iaWJsaW9ncmFwaHkvcGRmLzE5OTctU2h1LnBkZgAAEwABLwAAFQACAA///wAAAAgADQAaACQANwAAAAAAAAIBAAAAAAAAAAUAAAAAAAAAAAAAAAAAAAGV},
	Bdsk-Url-1 = {https://doi.org/10.1007/BFb0096355}}

@article{Banks:2010,
	Author = {J. W. Banks and J. A. F. Hittinger},
	Date-Added = {2018-12-03 11:14:34 +0000},
	Date-Modified = {2019-02-18 08:01:21 +0100},
	Doi = {10.1109/TPS.2010.2056937},
	Journal = {IEEE Transactions on Plasma Science},
	Keywords = {BWENO},
	Number = {9},
	Pages = {2198-2207},
	Title = {A New Class of Non-Linear, Finite-Volume Methods for Vlasov Simulation},
	Volume = {38},
	Year = {2010},
	Bdsk-File-1 = {YnBsaXN0MDDSAQIDBFxyZWxhdGl2ZVBhdGhZYWxpYXNEYXRhXxArLi4vLi4vbWlNYVMvYmlibGlvZ3JhcGh5L3BkZi8yMDEwLUJhbmtzLnBkZk8RAWIAAAAAAWIAAgAABU1hY0hEAAAAAAAAAAAAAAAAAAAAAAAAAAAAAAAAAABCRAAB/////w4yMDEwLUJhbmtzLnBkZgAAAAAAAAAAAAAAAAAAAAAAAAAAAAAAAAAAAAAAAAAAAAAAAAAAAAAAAAAAAAAAAAD/////AAAAAAAAAAAAAAAAAAIABAAACiBjdQAAAAAAAAAAAAAAAAADcGRmAAACAD0vOlVzZXJzOmpvc3NlbGluOlB1YmxpYzptaU1hUzpiaWJsaW9ncmFwaHk6cGRmOjIwMTAtQmFua3MucGRmAAAOAB4ADgAyADAAMQAwAC0AQgBhAG4AawBzAC4AcABkAGYADwAMAAUATQBhAGMASABEABIAO1VzZXJzL2pvc3NlbGluL1B1YmxpYy9taU1hUy9iaWJsaW9ncmFwaHkvcGRmLzIwMTAtQmFua3MucGRmAAATAAEvAAAVAAIAD///AAAACAANABoAJABSAAAAAAAAAgEAAAAAAAAABQAAAAAAAAAAAAAAAAAAAbg=},
	Bdsk-Url-1 = {https://doi.org/10.1109/TPS.2010.2056937}}

@article{Kzasnicki:2017,
	Author = {Mateusz Kzasnicki},
	Date-Added = {2018-12-03 11:12:48 +0000},
	Date-Modified = {2018-12-05 13:22:11 +0000},
	Doi = {10.1515/fca-2017-0002},
	Journal = {Fractional Calculus & Applied Analysis},
	Number = {1},
	Title = {Ten equivalent definitions of the fractional Laplace operator},
	Volume = {20},
	Year = {2017},
	Bdsk-File-1 = {YnBsaXN0MDDSAQIDBFxyZWxhdGl2ZVBhdGhZYWxpYXNEYXRhXxAvLi4vLi4vbWlNYVMvYmlibGlvZ3JhcGh5L3BkZi8yMDE3LUt6YXNuaWNraS5wZGZPEQFyAAAAAAFyAAIAAAVNYWNIRAAAAAAAAAAAAAAAAAAAAAAAAAAAAAAAAAAAQkQAAf////8SMjAxNy1LemFzbmlja2kucGRmAAAAAAAAAAAAAAAAAAAAAAAAAAAAAAAAAAAAAAAAAAAAAAAAAAAAAAAAAAAA/////wAAAAAAAAAAAAAAAAACAAQAAAogY3UAAAAAAAAAAAAAAAAAA3BkZgAAAgBBLzpVc2Vyczpqb3NzZWxpbjpQdWJsaWM6bWlNYVM6YmlibGlvZ3JhcGh5OnBkZjoyMDE3LUt6YXNuaWNraS5wZGYAAA4AJgASADIAMAAxADcALQBLAHoAYQBzAG4AaQBjAGsAaQAuAHAAZABmAA8ADAAFAE0AYQBjAEgARAASAD9Vc2Vycy9qb3NzZWxpbi9QdWJsaWMvbWlNYVMvYmlibGlvZ3JhcGh5L3BkZi8yMDE3LUt6YXNuaWNraS5wZGYAABMAAS8AABUAAgAP//8AAAAIAA0AGgAkAFYAAAAAAAACAQAAAAAAAAAFAAAAAAAAAAAAAAAAAAABzA==},
	Bdsk-Url-1 = {https://doi.org/10.1515/fca-2017-0002}}

@article{Li:2016,
	Author = {Gang Li and Yulong Xing},
	Date-Added = {2018-12-03 11:11:31 +0000},
	Date-Modified = {2018-12-05 13:20:53 +0000},
	Doi = {10.1016/j.jcp.2016.04.015},
	Journal = {Journal of Computational Physics},
	Pages = {145-163},
	Title = {High order finite volume WENO schemes for Euler equations under gravitational fields},
	Volume = {316},
	Year = {2016},
	Bdsk-File-1 = {YnBsaXN0MDDSAQIDBFxyZWxhdGl2ZVBhdGhZYWxpYXNEYXRhXxAPcGRmLzIwMTYtTGkucGRmTxEBVAAAAAABVAACAAAFTWFjSEQAAAAAAAAAAAAAAAAAAAAAAAAAAAAAAAAAAEJEAAH/////CzIwMTYtTGkucGRmAAAAAAAAAAAAAAAAAAAAAAAAAAAAAAAAAAAAAAAAAAAAAAAAAAAAAAAAAAAAAAAAAAAAAP////8AAAAAAAAAAAAAAAAAAQADAAAKIGN1AAAAAAAAAAAAAAAAAANwZGYAAAIAOi86VXNlcnM6am9zc2VsaW46UHVibGljOmRyYWZ0OmJpYmxpb2dyYXBoeTpwZGY6MjAxNi1MaS5wZGYADgAYAAsAMgAwADEANgAtAEwAaQAuAHAAZABmAA8ADAAFAE0AYQBjAEgARAASADhVc2Vycy9qb3NzZWxpbi9QdWJsaWMvZHJhZnQvYmlibGlvZ3JhcGh5L3BkZi8yMDE2LUxpLnBkZgATAAEvAAAVAAIAD///AAAACAANABoAJAA2AAAAAAAAAgEAAAAAAAAABQAAAAAAAAAAAAAAAAAAAY4=},
	Bdsk-Url-1 = {https://doi.org/10.1016/j.jcp.2016.04.015}}

@article{Jiang:1996,
	Author = {Guang-Shan Jiang and Chi-Wang Shu},
	Date-Added = {2018-12-03 11:10:13 +0000},
	Date-Modified = {2019-04-11 09:59:17 +0200},
	Doi = {10.1006/jcph.1996.0130},
	Journal = {Journal of Computational Physics},
	Keywords = {WENO, WENO-JS},
	Pages = {202-228},
	Title = {Efficient Implementation of Weighted ENO Schemes},
	Volume = {126},
	Year = {1996},
	Bdsk-File-1 = {YnBsaXN0MDDSAQIDBFxyZWxhdGl2ZVBhdGhZYWxpYXNEYXRhXxArLi4vLi4vbWlNYVMvYmlibGlvZ3JhcGh5L3BkZi8xOTk2LUppYW5nLnBkZk8RAWIAAAAAAWIAAgAABU1hY0hEAAAAAAAAAAAAAAAAAAAAAAAAAAAAAAAAAABCRAAB/////w4xOTk2LUppYW5nLnBkZgAAAAAAAAAAAAAAAAAAAAAAAAAAAAAAAAAAAAAAAAAAAAAAAAAAAAAAAAAAAAAAAAD/////AAAAAAAAAAAAAAAAAAIABAAACiBjdQAAAAAAAAAAAAAAAAADcGRmAAACAD0vOlVzZXJzOmpvc3NlbGluOlB1YmxpYzptaU1hUzpiaWJsaW9ncmFwaHk6cGRmOjE5OTYtSmlhbmcucGRmAAAOAB4ADgAxADkAOQA2AC0ASgBpAGEAbgBnAC4AcABkAGYADwAMAAUATQBhAGMASABEABIAO1VzZXJzL2pvc3NlbGluL1B1YmxpYy9taU1hUy9iaWJsaW9ncmFwaHkvcGRmLzE5OTYtSmlhbmcucGRmAAATAAEvAAAVAAIAD///AAAACAANABoAJABSAAAAAAAAAgEAAAAAAAAABQAAAAAAAAAAAAAAAAAAAbg=},
	Bdsk-Url-1 = {https://doi.org/10.1006/jcph.1996.0130}}

@article{Dimarco:2013,
	Author = {Giacomo Dimarco and Lorenzo Pareschi},
	Date-Added = {2018-12-03 11:06:30 +0000},
	Date-Modified = {2018-12-05 13:14:28 +0000},
	Doi = {10.1137/12087606X},
	Journal = {Journal on Numerical Analysis},
	Title = {Asymptotic preserving implicit-explicit Runge-Kutta methods for non linear kinetic equations},
	Year = {2013},
	Bdsk-File-1 = {YnBsaXN0MDDSAQIDBFxyZWxhdGl2ZVBhdGhZYWxpYXNEYXRhXxAtLi4vLi4vbWlNYVMvYmlibGlvZ3JhcGh5L3BkZi8yMDEzLURpbWFyY28ucGRmTxEBagAAAAABagACAAAFTWFjSEQAAAAAAAAAAAAAAAAAAAAAAAAAAAAAAAAAAEJEAAH/////EDIwMTMtRGltYXJjby5wZGYAAAAAAAAAAAAAAAAAAAAAAAAAAAAAAAAAAAAAAAAAAAAAAAAAAAAAAAAAAAAAAP////8AAAAAAAAAAAAAAAAAAgAEAAAKIGN1AAAAAAAAAAAAAAAAAANwZGYAAAIAPy86VXNlcnM6am9zc2VsaW46UHVibGljOm1pTWFTOmJpYmxpb2dyYXBoeTpwZGY6MjAxMy1EaW1hcmNvLnBkZgAADgAiABAAMgAwADEAMwAtAEQAaQBtAGEAcgBjAG8ALgBwAGQAZgAPAAwABQBNAGEAYwBIAEQAEgA9VXNlcnMvam9zc2VsaW4vUHVibGljL21pTWFTL2JpYmxpb2dyYXBoeS9wZGYvMjAxMy1EaW1hcmNvLnBkZgAAEwABLwAAFQACAA///wAAAAgADQAaACQAVAAAAAAAAAIBAAAAAAAAAAUAAAAAAAAAAAAAAAAAAAHC},
	Bdsk-Url-1 = {https://doi.org/10.1137/12087606X}}

@article{Wu:2011,
	Author = {Weiming Wu and Alejandro S{\'a}nchez and Mingliang Zhang},
	Date-Added = {2018-12-03 11:04:30 +0000},
	Date-Modified = {2018-12-05 13:12:09 +0000},
	Doi = {10.2112/SI59-003.1},
	Journal = {Journal of Coastral Research},
	Title = {An Implicit 2-D Shallow Water Flow Model on Unstructured Quadtree Rectangular Mesh},
	Year = {2011},
	Bdsk-File-1 = {YnBsaXN0MDDSAQIDBFxyZWxhdGl2ZVBhdGhZYWxpYXNEYXRhXxAPcGRmLzIwMTEtV3UucGRmTxEBVAAAAAABVAACAAAFTWFjSEQAAAAAAAAAAAAAAAAAAAAAAAAAAAAAAAAAAEJEAAH/////CzIwMTEtV3UucGRmAAAAAAAAAAAAAAAAAAAAAAAAAAAAAAAAAAAAAAAAAAAAAAAAAAAAAAAAAAAAAAAAAAAAAP////8AAAAAAAAAAAAAAAAAAQADAAAKIGN1AAAAAAAAAAAAAAAAAANwZGYAAAIAOi86VXNlcnM6am9zc2VsaW46UHVibGljOmRyYWZ0OmJpYmxpb2dyYXBoeTpwZGY6MjAxMS1XdS5wZGYADgAYAAsAMgAwADEAMQAtAFcAdQAuAHAAZABmAA8ADAAFAE0AYQBjAEgARAASADhVc2Vycy9qb3NzZWxpbi9QdWJsaWMvZHJhZnQvYmlibGlvZ3JhcGh5L3BkZi8yMDExLVd1LnBkZgATAAEvAAAVAAIAD///AAAACAANABoAJAA2AAAAAAAAAgEAAAAAAAAABQAAAAAAAAAAAAAAAAAAAY4=},
	Bdsk-Url-1 = {https://doi.org/10.2112/SI59-003.1}}

@article{Dimarco:2011,
	Author = {Giacomo Dimarco and Lorenzo Pareschi},
	Date-Added = {2018-12-03 10:45:39 +0000},
	Date-Modified = {2018-12-05 13:10:43 +0000},
	Doi = {10.1137/100811052},
	Journal = {Journal on Numerical Analysis},
	Title = {Exponential Runge-Kutta methods for stiff kinetic equations},
	Year = {2011},
	Bdsk-File-1 = {YnBsaXN0MDDSAQIDBFxyZWxhdGl2ZVBhdGhZYWxpYXNEYXRhXxAtLi4vLi4vbWlNYVMvYmlibGlvZ3JhcGh5L3BkZi8yMDExLURpbWFyY28ucGRmTxEBagAAAAABagACAAAFTWFjSEQAAAAAAAAAAAAAAAAAAAAAAAAAAAAAAAAAAEJEAAH/////EDIwMTEtRGltYXJjby5wZGYAAAAAAAAAAAAAAAAAAAAAAAAAAAAAAAAAAAAAAAAAAAAAAAAAAAAAAAAAAAAAAP////8AAAAAAAAAAAAAAAAAAgAEAAAKIGN1AAAAAAAAAAAAAAAAAANwZGYAAAIAPy86VXNlcnM6am9zc2VsaW46UHVibGljOm1pTWFTOmJpYmxpb2dyYXBoeTpwZGY6MjAxMS1EaW1hcmNvLnBkZgAADgAiABAAMgAwADEAMQAtAEQAaQBtAGEAcgBjAG8ALgBwAGQAZgAPAAwABQBNAGEAYwBIAEQAEgA9VXNlcnMvam9zc2VsaW4vUHVibGljL21pTWFTL2JpYmxpb2dyYXBoeS9wZGYvMjAxMS1EaW1hcmNvLnBkZgAAEwABLwAAFQACAA///wAAAAgADQAaACQAVAAAAAAAAAIBAAAAAAAAAAUAAAAAAAAAAAAAAAAAAAHC},
	Bdsk-Url-1 = {https://doi.org/10.1137/100811052}}

@article{McCorquodale:2011,
	Author = {Peter McCorquodale and Phillip Colella},
	Date-Added = {2018-12-03 10:44:03 +0000},
	Date-Modified = {2018-12-05 13:11:07 +0000},
	Doi = {10.2140/camcos.2011.6.1},
	Journal = {Communications in Applied Mathematics and Computational Science},
	Number = {1},
	Title = {A high-order finite-volume method for hyperbolic conservation laws on locally-refined grids},
	Volume = {6},
	Year = {2011},
	Bdsk-File-1 = {YnBsaXN0MDDSAQIDBFxyZWxhdGl2ZVBhdGhZYWxpYXNEYXRhXxAyLi4vLi4vbWlNYVMvYmlibGlvZ3JhcGh5L3BkZi8yMDExLU1jQ29ycXVvZGFsZS5wZGZPEQF8AAAAAAF8AAIAAAVNYWNIRAAAAAAAAAAAAAAAAAAAAAAAAAAAAAAAAAAAQkQAAf////8VMjAxMS1NY0NvcnF1b2RhbGUucGRmAAAAAAAAAAAAAAAAAAAAAAAAAAAAAAAAAAAAAAAAAAAAAAAAAAAAAAAA/////wAAAAAAAAAAAAAAAAACAAQAAAogY3UAAAAAAAAAAAAAAAAAA3BkZgAAAgBELzpVc2Vyczpqb3NzZWxpbjpQdWJsaWM6bWlNYVM6YmlibGlvZ3JhcGh5OnBkZjoyMDExLU1jQ29ycXVvZGFsZS5wZGYADgAsABUAMgAwADEAMQAtAE0AYwBDAG8AcgBxAHUAbwBkAGEAbABlAC4AcABkAGYADwAMAAUATQBhAGMASABEABIAQlVzZXJzL2pvc3NlbGluL1B1YmxpYy9taU1hUy9iaWJsaW9ncmFwaHkvcGRmLzIwMTEtTWNDb3JxdW9kYWxlLnBkZgATAAEvAAAVAAIAD///AAAACAANABoAJABZAAAAAAAAAgEAAAAAAAAABQAAAAAAAAAAAAAAAAAAAdk=},
	Bdsk-Url-1 = {https://doi.org/10.2140/camcos.2011.6.1}}

@article{Crestetto:2018,
	Author = {Ana{\"\i}s Crestetto and Nicolas Crouseilles and Mohammed Lemou},
	Date-Added = {2018-12-03 10:40:28 +0000},
	Date-Modified = {2018-12-04 07:37:51 +0000},
	Journal = {Communications in Mathematical Sciences},
	Title = {A particle micro-macro decomposition based numercial scheme for collisional kinetic equations in the diffusion scaling},
	Year = {2018},
	Bdsk-File-1 = {YnBsaXN0MDDSAQIDBFxyZWxhdGl2ZVBhdGhZYWxpYXNEYXRhXxAvLi4vLi4vbWlNYVMvYmlibGlvZ3JhcGh5L3BkZi8yMDE4LUNyZXN0ZXR0by5wZGZPEQFyAAAAAAFyAAIAAAVNYWNIRAAAAAAAAAAAAAAAAAAAAAAAAAAAAAAAAAAAQkQAAf////8SMjAxOC1DcmVzdGV0dG8ucGRmAAAAAAAAAAAAAAAAAAAAAAAAAAAAAAAAAAAAAAAAAAAAAAAAAAAAAAAAAAAA/////wAAAAAAAAAAAAAAAAACAAQAAAogY3UAAAAAAAAAAAAAAAAAA3BkZgAAAgBBLzpVc2Vyczpqb3NzZWxpbjpQdWJsaWM6bWlNYVM6YmlibGlvZ3JhcGh5OnBkZjoyMDE4LUNyZXN0ZXR0by5wZGYAAA4AJgASADIAMAAxADgALQBDAHIAZQBzAHQAZQB0AHQAbwAuAHAAZABmAA8ADAAFAE0AYQBjAEgARAASAD9Vc2Vycy9qb3NzZWxpbi9QdWJsaWMvbWlNYVMvYmlibGlvZ3JhcGh5L3BkZi8yMDE4LUNyZXN0ZXR0by5wZGYAABMAAS8AABUAAgAP//8AAAAIAA0AGgAkAFYAAAAAAAACAQAAAAAAAAAFAAAAAAAAAAAAAAAAAAABzA==}}

@article{Crestetto:2012b,
	Author = {Ana{\"\i}s Crestetto and Nicolas Crouseilles and Mohammed Lemou},
	Date-Added = {2018-12-03 07:26:36 +0000},
	Date-Modified = {2018-12-05 13:13:21 +0000},
	Doi = {10.3934/krm.2012.5.787},
	Journal = {Kinetic and Related Models},
	Keywords = {Vlasov equation ; BGK equation ; Euler equation ; Chapman-Enskog expansion ; asymptotic preserving schemes ; micro-macro decomposition ; particles method},
	Number = {4},
	Pages = {787-816},
	Title = {Kinetic/Fluid Micro-Macro Numerical Schemes for Vlasov-Poisson-BGK Equation Using Particles},
	Volume = {5},
	Year = {2012},
	Bdsk-File-1 = {YnBsaXN0MDDSAQIDBFxyZWxhdGl2ZVBhdGhZYWxpYXNEYXRhXxAyLi4vLi4vbWlNYVMvYmlibGlvZ3JhcGh5L3BkZi8yMDEyLUNyZXN0ZXR0byhiKS5wZGZPEQF8AAAAAAF8AAIAAAVNYWNIRAAAAAAAAAAAAAAAAAAAAAAAAAAAAAAAAAAAQkQAAf////8VMjAxMi1DcmVzdGV0dG8oYikucGRmAAAAAAAAAAAAAAAAAAAAAAAAAAAAAAAAAAAAAAAAAAAAAAAAAAAAAAAA/////wAAAAAAAAAAAAAAAAACAAQAAAogY3UAAAAAAAAAAAAAAAAAA3BkZgAAAgBELzpVc2Vyczpqb3NzZWxpbjpQdWJsaWM6bWlNYVM6YmlibGlvZ3JhcGh5OnBkZjoyMDEyLUNyZXN0ZXR0byhiKS5wZGYADgAsABUAMgAwADEAMgAtAEMAcgBlAHMAdABlAHQAdABvACgAYgApAC4AcABkAGYADwAMAAUATQBhAGMASABEABIAQlVzZXJzL2pvc3NlbGluL1B1YmxpYy9taU1hUy9iaWJsaW9ncmFwaHkvcGRmLzIwMTItQ3Jlc3RldHRvKGIpLnBkZgATAAEvAAAVAAIAD///AAAACAANABoAJABZAAAAAAAAAgEAAAAAAAAABQAAAAAAAAAAAAAAAAAAAdk=},
	Bdsk-Url-1 = {https://doi.org/10.3934/krm.2012.5.787}}

@article{Goldberg:1991,
	Author = {David Goldberg},
	Date-Added = {2018-12-03 07:24:50 +0000},
	Date-Modified = {2018-12-04 07:35:42 +0000},
	Doi = {10.1145/103162.103163},
	Journal = {ACM Computing Surveys},
	Keywords = {IEEE754},
	Number = {1},
	Pages = {5-48},
	Title = {What Every Computer Scientist Should Know About Floating-Point Arithmetic},
	Volume = {23},
	Year = {1991},
	Bdsk-File-1 = {YnBsaXN0MDDSAQIDBFxyZWxhdGl2ZVBhdGhZYWxpYXNEYXRhXxAuLi4vLi4vbWlNYVMvYmlibGlvZ3JhcGh5L3BkZi8xOTkxLUdvbGRiZXJnLnBkZk8RAWwAAAAAAWwAAgAABU1hY0hEAAAAAAAAAAAAAAAAAAAAAAAAAAAAAAAAAABCRAAB/////xExOTkxLUdvbGRiZXJnLnBkZgAAAAAAAAAAAAAAAAAAAAAAAAAAAAAAAAAAAAAAAAAAAAAAAAAAAAAAAAAAAAD/////AAAAAAAAAAAAAAAAAAIABAAACiBjdQAAAAAAAAAAAAAAAAADcGRmAAACAEAvOlVzZXJzOmpvc3NlbGluOlB1YmxpYzptaU1hUzpiaWJsaW9ncmFwaHk6cGRmOjE5OTEtR29sZGJlcmcucGRmAA4AJAARADEAOQA5ADEALQBHAG8AbABkAGIAZQByAGcALgBwAGQAZgAPAAwABQBNAGEAYwBIAEQAEgA+VXNlcnMvam9zc2VsaW4vUHVibGljL21pTWFTL2JpYmxpb2dyYXBoeS9wZGYvMTk5MS1Hb2xkYmVyZy5wZGYAEwABLwAAFQACAA///wAAAAgADQAaACQAVQAAAAAAAAIBAAAAAAAAAAUAAAAAAAAAAAAAAAAAAAHF},
	Bdsk-Url-1 = {https://doi.org/10.1145/103162.103163}}

@phdthesis{Jund:2007,
	Author = {S{\'e}bastien Jund},
	Date-Added = {2018-12-03 07:22:14 +0000},
	Date-Modified = {2018-12-04 07:36:19 +0000},
	School = {IRMA},
	Title = {M{\'e}thodes d'{\'e}l{\'e}ments finis d'ordre {\'e}lev{\'e} pour la simulation num{\'e}rique de la propagation d'ondes},
	Year = {2007},
	Bdsk-File-1 = {YnBsaXN0MDDSAQIDBFxyZWxhdGl2ZVBhdGhZYWxpYXNEYXRhXxAqLi4vLi4vbWlNYVMvYmlibGlvZ3JhcGh5L3BkZi8yMDA3LUp1bmQucGRmTxEBXAAAAAABXAACAAAFTWFjSEQAAAAAAAAAAAAAAAAAAAAAAAAAAAAAAAAAAEJEAAH/////DTIwMDctSnVuZC5wZGYAAAAAAAAAAAAAAAAAAAAAAAAAAAAAAAAAAAAAAAAAAAAAAAAAAAAAAAAAAAAAAAAAAP////8AAAAAAAAAAAAAAAAAAgAEAAAKIGN1AAAAAAAAAAAAAAAAAANwZGYAAAIAPC86VXNlcnM6am9zc2VsaW46UHVibGljOm1pTWFTOmJpYmxpb2dyYXBoeTpwZGY6MjAwNy1KdW5kLnBkZgAOABwADQAyADAAMAA3AC0ASgB1AG4AZAAuAHAAZABmAA8ADAAFAE0AYQBjAEgARAASADpVc2Vycy9qb3NzZWxpbi9QdWJsaWMvbWlNYVMvYmlibGlvZ3JhcGh5L3BkZi8yMDA3LUp1bmQucGRmABMAAS8AABUAAgAP//8AAAAIAA0AGgAkAFEAAAAAAAACAQAAAAAAAAAFAAAAAAAAAAAAAAAAAAABsQ==}}

@book{LeVeque:2004,
	Author = {Randall J. LeVeque},
	Date-Added = {2018-12-03 07:18:30 +0000},
	Date-Modified = {2018-12-04 07:36:12 +0000},
	Isbn = {9780521009249},
	Publisher = {Cambridge University Press},
	Title = {Finite-Volume Methods for Hyperbolic Problems},
	Year = {2004},
	Bdsk-File-1 = {YnBsaXN0MDDSAQIDBFxyZWxhdGl2ZVBhdGhZYWxpYXNEYXRhXxAtLi4vLi4vbWlNYVMvYmlibGlvZ3JhcGh5L3BkZi8yMDA0LUxlVmVxdWUucGRmTxEBagAAAAABagACAAAFTWFjSEQAAAAAAAAAAAAAAAAAAAAAAAAAAAAAAAAAAEJEAAH/////EDIwMDQtTGVWZXF1ZS5wZGYAAAAAAAAAAAAAAAAAAAAAAAAAAAAAAAAAAAAAAAAAAAAAAAAAAAAAAAAAAAAAAP////8AAAAAAAAAAAAAAAAAAgAEAAAKIGN1AAAAAAAAAAAAAAAAAANwZGYAAAIAPy86VXNlcnM6am9zc2VsaW46UHVibGljOm1pTWFTOmJpYmxpb2dyYXBoeTpwZGY6MjAwNC1MZVZlcXVlLnBkZgAADgAiABAAMgAwADAANAAtAEwAZQBWAGUAcQB1AGUALgBwAGQAZgAPAAwABQBNAGEAYwBIAEQAEgA9VXNlcnMvam9zc2VsaW4vUHVibGljL21pTWFTL2JpYmxpb2dyYXBoeS9wZGYvMjAwNC1MZVZlcXVlLnBkZgAAEwABLwAAFQACAA///wAAAAgADQAaACQAVAAAAAAAAAIBAAAAAAAAAAUAAAAAAAAAAAAAAAAAAAHC}}

@book{LeVeque:2007,
	Annote = {BU : 515.35 LEV FIN  Y23554 ({\'e}tage)},
	Author = {Randall J. LeVeque},
	Date-Added = {2018-12-03 07:12:25 +0000},
	Date-Modified = {2018-12-04 07:36:22 +0000},
	Isbn = {9780898716290},
	Publisher = {SIAM},
	Title = {Finite Difference Methods for Ordinary and Partial Differential Equations},
	Year = {2007},
	Bdsk-File-1 = {YnBsaXN0MDDSAQIDBFxyZWxhdGl2ZVBhdGhZYWxpYXNEYXRhXxAtLi4vLi4vbWlNYVMvYmlibGlvZ3JhcGh5L3BkZi8yMDA3LUxlVmVxdWUucGRmTxEBagAAAAABagACAAAFTWFjSEQAAAAAAAAAAAAAAAAAAAAAAAAAAAAAAAAAAEJEAAH/////EDIwMDctTGVWZXF1ZS5wZGYAAAAAAAAAAAAAAAAAAAAAAAAAAAAAAAAAAAAAAAAAAAAAAAAAAAAAAAAAAAAAAP////8AAAAAAAAAAAAAAAAAAgAEAAAKIGN1AAAAAAAAAAAAAAAAAANwZGYAAAIAPy86VXNlcnM6am9zc2VsaW46UHVibGljOm1pTWFTOmJpYmxpb2dyYXBoeTpwZGY6MjAwNy1MZVZlcXVlLnBkZgAADgAiABAAMgAwADAANwAtAEwAZQBWAGUAcQB1AGUALgBwAGQAZgAPAAwABQBNAGEAYwBIAEQAEgA9VXNlcnMvam9zc2VsaW4vUHVibGljL21pTWFTL2JpYmxpb2dyYXBoeS9wZGYvMjAwNy1MZVZlcXVlLnBkZgAAEwABLwAAFQACAA///wAAAAgADQAaACQAVAAAAAAAAAIBAAAAAAAAAAUAAAAAAAAAAAAAAAAAAAHC}}

@article{Luther:1968,
	Author = {H. A. Luther},
	Date-Added = {2018-12-03 07:08:56 +0000},
	Date-Modified = {2018-12-04 07:35:14 +0000},
	Doi = {10.2307/2004675},
	Journal = {Mathematics of Computation},
	Keywords = {RK ; RK6},
	Number = {102},
	Title = {An Explicit Sixth-Order Runge-Kutta Formula},
	Volume = {22},
	Year = {1968},
	Bdsk-File-1 = {YnBsaXN0MDDSAQIDBFxyZWxhdGl2ZVBhdGhZYWxpYXNEYXRhXxAsLi4vLi4vbWlNYVMvYmlibGlvZ3JhcGh5L3BkZi8xOTY4LUx1dGhlci5wZGZPEQFkAAAAAAFkAAIAAAVNYWNIRAAAAAAAAAAAAAAAAAAAAAAAAAAAAAAAAAAAQkQAAf////8PMTk2OC1MdXRoZXIucGRmAAAAAAAAAAAAAAAAAAAAAAAAAAAAAAAAAAAAAAAAAAAAAAAAAAAAAAAAAAAAAAAA/////wAAAAAAAAAAAAAAAAACAAQAAAogY3UAAAAAAAAAAAAAAAAAA3BkZgAAAgA+LzpVc2Vyczpqb3NzZWxpbjpQdWJsaWM6bWlNYVM6YmlibGlvZ3JhcGh5OnBkZjoxOTY4LUx1dGhlci5wZGYADgAgAA8AMQA5ADYAOAAtAEwAdQB0AGgAZQByAC4AcABkAGYADwAMAAUATQBhAGMASABEABIAPFVzZXJzL2pvc3NlbGluL1B1YmxpYy9taU1hUy9iaWJsaW9ncmFwaHkvcGRmLzE5NjgtTHV0aGVyLnBkZgATAAEvAAAVAAIAD///AAAACAANABoAJABTAAAAAAAAAgEAAAAAAAAABQAAAAAAAAAAAAAAAAAAAbs=},
	Bdsk-Url-1 = {https://doi.org/10.2307/2004675}}

@misc{Eberly:2003,
	Author = {David Eberly},
	Date-Added = {2018-12-03 07:07:12 +0000},
	Date-Modified = {2018-12-04 07:36:06 +0000},
	Keywords = {sability},
	Title = {Stability Analysis for Systems of Differential Equations},
	Year = {2003},
	Bdsk-File-1 = {YnBsaXN0MDDSAQIDBFxyZWxhdGl2ZVBhdGhZYWxpYXNEYXRhXxAsLi4vLi4vbWlNYVMvYmlibGlvZ3JhcGh5L3BkZi8yMDAzLUViZXJseS5wZGZPEQFkAAAAAAFkAAIAAAVNYWNIRAAAAAAAAAAAAAAAAAAAAAAAAAAAAAAAAAAAQkQAAf////8PMjAwMy1FYmVybHkucGRmAAAAAAAAAAAAAAAAAAAAAAAAAAAAAAAAAAAAAAAAAAAAAAAAAAAAAAAAAAAAAAAA/////wAAAAAAAAAAAAAAAAACAAQAAAogY3UAAAAAAAAAAAAAAAAAA3BkZgAAAgA+LzpVc2Vyczpqb3NzZWxpbjpQdWJsaWM6bWlNYVM6YmlibGlvZ3JhcGh5OnBkZjoyMDAzLUViZXJseS5wZGYADgAgAA8AMgAwADAAMwAtAEUAYgBlAHIAbAB5AC4AcABkAGYADwAMAAUATQBhAGMASABEABIAPFVzZXJzL2pvc3NlbGluL1B1YmxpYy9taU1hUy9iaWJsaW9ncmFwaHkvcGRmLzIwMDMtRWJlcmx5LnBkZgATAAEvAAAVAAIAD///AAAACAANABoAJABTAAAAAAAAAgEAAAAAAAAABQAAAAAAAAAAAAAAAAAAAbs=}}

@misc{Shu:2001,
	Annote = {Coefficients pour RK3 (p9)},
	Author = {Chi-Wang Shu},
	Date-Added = {2018-12-03 07:00:33 +0000},
	Date-Modified = {2018-12-04 07:35:57 +0000},
	Keywords = {RK},
	Title = {A Survey of Strong Stability Preserving High Order Time Discretizations},
	Year = {2001},
	Bdsk-File-1 = {YnBsaXN0MDDSAQIDBFxyZWxhdGl2ZVBhdGhZYWxpYXNEYXRhXxAQcGRmLzIwMDEtU2h1LnBkZk8RAVoAAAAAAVoAAgAABU1hY0hEAAAAAAAAAAAAAAAAAAAAAAAAAAAAAAAAAABCRAAB/////wwyMDAxLVNodS5wZGYAAAAAAAAAAAAAAAAAAAAAAAAAAAAAAAAAAAAAAAAAAAAAAAAAAAAAAAAAAAAAAAAAAAD/////AAAAAAAAAAAAAAAAAAEAAwAACiBjdQAAAAAAAAAAAAAAAAADcGRmAAACADsvOlVzZXJzOmpvc3NlbGluOlB1YmxpYzpkcmFmdDpiaWJsaW9ncmFwaHk6cGRmOjIwMDEtU2h1LnBkZgAADgAaAAwAMgAwADAAMQAtAFMAaAB1AC4AcABkAGYADwAMAAUATQBhAGMASABEABIAOVVzZXJzL2pvc3NlbGluL1B1YmxpYy9kcmFmdC9iaWJsaW9ncmFwaHkvcGRmLzIwMDEtU2h1LnBkZgAAEwABLwAAFQACAA///wAAAAgADQAaACQANwAAAAAAAAIBAAAAAAAAAAUAAAAAAAAAAAAAAAAAAAGV}}
